2464 3159
205 389 153 30 Boccaccio;
378 387 235 32 Dramatisierung

1555 382 20 31 9

203 451 363 44 gungsdarstellung
579 451 38 28 in
633 450 63 28 der
711 445 207 31 bildenden
935 447 134 29 Kunst.
1087 445 112 31 Damit
1214 446 43 28 ist
1273 445 140 39 zugleich
1430 445 54 29 der
1498 444 80 38 Weg

203 507 65 20 von
284 497 56 30 der
356 506 57 20 um
428 497 56 27 der
499 491 249 36 christlichen
764 489 184 40 Auslegung
963 490 105 29 willen
1084 488 78 30 über
1179 489 51 29 die
1246 499 56 18 um
1318 488 54 29 der
1389 487 189 42 subjekti-

204 540 212 33 vistischen
441 538 181 40 Auslegung
645 535 104 31 willen
773 545 40 18 zu
838 534 55 29 der
918 543 59 19 um
1001 532 99 30 ihrer
1126 531 118 31 selbst
1270 532 122 30 willen
1417 532 160 30 erzählten

206 586 98 30 Fabel
325 584 171 31 vollendet.

208 673 166 30 Sannazaro,
398 670 109 28 Salices,
529 670 83 29 Ausg.
633 666 124 32 Venedig
781 672 75 23 1535,
881 664 77 31 1,41,
981 663 46 24 bei
1047 664 50 22 der
1120 662 180 31 Schilderung
1321 662 49 23 der
1398 670 56 15 von
1478 662 101 31 Satyrn

206 708 154 34 verfolgten
376 704 159 36 Nymphen:

488 776 5 4 .
508 776 4 4 .
527 776 4 5 .
544 757 112 30 iamque
668 755 29 24 in
710 754 118 24 fluvium
842 761 29 16 se
883 758 121 26 mergere
1017 750 123 29 adortae,

539 792 124 23 Membra
674 788 182 29 reclinabant,
871 789 28 22 et
912 794 87 24 aquas
1011 793 88 24 prono
1111 791 46 19 ore
1169 785 142 30 petebant,

542 827 69 24 Cum
623 825 94 25 subito
729 824 145 30 obriguere
886 823 92 32 pedes,
991 822 111 30 lateque
1114 827 50 25 per
1175 821 71 22 imos

541 860 169 33 Exspatiata
720 859 119 31 ungueis
848 858 83 26 radix
941 857 138 31 fugientia
1089 855 104 29 tardat,

538 897 161 32 Adfigitque
712 896 58 23 solo
782 894 127 31 vestigia.
923 893 71 24 Tum
1007 899 87 22 vagus
1105 890 68 33 ipsis

543 932 119 33 Spiritus
674 931 133 24 emoritur
819 930 88 27 venis,
920 927 169 32 indignaque
1101 925 88 33 pallor

540 969 127 31 Occupat
679 973 57 21 ora,
748 967 73 29 tegit
832 962 174 35 trepidantia
1016 964 116 30 pectora
1142 963 105 22 cortex.

541 1005 59 23 Nec
612 1009 90 18 mora:
717 1009 49 24 pro
778 1001 97 31 digitis
886 1006 92 18 ramos
990 998 75 24 exire
1076 996 116 28 videres,

543 1039 175 31 Auratasque
730 1045 94 16 comas
836 1036 99 32 glauca
947 1040 144 19 canescere
1102 1032 106 27 fronde,

543 1076 38 23 Et
593 1074 57 31 jam
663 1073 96 25 vitalis
771 1079 139 24 nusquam
922 1068 83 30 calor,
1018 1069 116 31 ipsaque
1145 1068 106 23 cadunt

542 1110 114 25 Viscera
667 1108 137 33 paulatim
816 1106 126 26 venienti
953 1104 101 32 frigida
1064 1104 83 31 ligno.
