2464 3159
220 383 83 25 Ovidc
321 382 124 25 moralise
464 381 56 23 und
539 379 128 32 Berpuire

1578 369 19 31 5

221 446 137 38 guires,
383 444 113 30 dessen
520 441 91 30 Rolle
634 441 46 28 als
705 437 217 31 Rückbildner
946 438 55 28 der
1024 435 231 31 neuzeitlichen
1272 436 137 29 Ansätze
1434 435 165 34 Petrarcas

221 490 50 30 ins
289 487 265 32 Mittelalterliche
569 483 206 32 Liebeschütz
793 480 140 31 kürzlich
951 478 208 40 aufgewiesen
1175 479 67 30 hat.
1246 480 11 16 1
1260 481 9 36 )
1295 480 70 28 Von
1383 480 54 29 der
1459 478 128 32 Identifi­

221 534 130 41 zierung
369 534 55 29 des
440 529 152 32 Lorbeers
607 528 59 28 mit
683 527 73 29 dem
773 525 105 28 Kreuz
894 523 117 31 Christi
1029 522 97 38 (Crux
1141 532 19 18 a
1176 522 125 30 Christo
1316 523 203 39 corporaliter
1535 534 66 20 am-

223 578 143 39 plexata)
381 586 64 20 war
457 576 98 29 schon
568 572 82 30 oben
663 570 51 30 die
729 568 103 35 Rede;
844 568 116 38 gerade
973 567 102 30 dieser
1090 565 152 31 Gedanke
1255 566 79 28 wird
1345 566 34 28 in
1391 565 209 34 unendlichen

223 620 248 41 Ausführungen
496 616 112 30 immer
634 614 107 29 weiter
767 619 249 33 ausgesponnen.
1045 608 97 32 Dicht
1168 609 102 30 neben
1297 610 99 29 dieser
1422 608 179 43 Auslegung

223 667 89 29 steht
332 666 76 29 aber
428 663 68 29 eine
517 660 127 34 andere,
666 658 51 29 die
738 656 51 30 die
810 656 64 28 alte
896 652 265 42 Verherrlichung
1181 652 153 40 Daphnes
1354 653 47 28 als
1421 653 55 29 der
1494 654 108 30 reinen

228 710 85 30 Seele
337 707 180 35 aufnimmt,
542 703 66 30 und
629 703 33 27 in
686 702 55 29 der
763 698 247 42 logischerweise
1033 697 125 39 Apollo,
1182 697 55 29 der
1258 697 33 28 in
1314 696 55 29 der
1391 696 130 39 vorigen
1544 698 58 30 mit

225 755 143 30 Christus
394 747 232 35 identifizierte,
659 746 79 37 jetzt
766 743 215 40 geradeswegs
1008 742 74 30 dem
1100 741 109 30 Teufel
1234 739 221 39 gleichgesetzt
1490 740 85 30 wird.
1580 741 11 16 2
1593 742 9 35 )

226 798 72 29 Daß
316 796 67 30 eine
402 804 35 20 so
455 794 106 38 polare
580 788 266 41 Allegorisierung
864 786 55 29 der
938 785 98 31 Fabel
1053 784 137 40 möglich
1208 785 52 34 ist,
1279 785 41 28 ist
1339 783 116 29 ebenso
1473 782 117 31 charak­

224 838 158 34 teristisch
396 839 52 28 für
462 837 83 29 diese
560 834 109 35 selbst,
683 834 58 29 wie
755 833 52 28 für
822 829 146 41 Berguire
983 831 68 28 und
1064 829 107 30 seinen
1186 828 101 29 Kreis.
1306 827 103 30 Schon
1423 826 50 30 die
1487 826 117 31 Antike

225 885 112 30 mußte
353 881 195 41 empfinden,
566 878 65 30 daß
647 888 34 19 es
695 878 35 29 in
747 877 56 28 der
819 874 99 31 Fabel
934 873 105 31 weder
1055 872 91 31 einen
1163 870 177 40 unbedingt
1358 870 148 35 ,.Bösen“
1523 871 82 30 noch

224 929 92 29 einen
339 925 176 41 unbedingt
540 920 288 42 „Unterlegenen“,
852 918 136 32 sondern
1011 918 70 29 eine
1103 917 60 29 Art
1187 914 179 41 objektiver
1389 914 115 38 Tragik
1526 915 79 38 gibt,

223 982 75 20 zum
312 969 181 32 mindesten
506 969 59 29 hat
582 966 85 31 Ovid
682 966 102 29 dieses
800 962 118 32 Gefühl
933 962 142 30 deutlich
1090 959 193 32 formuliert:
1299 960 116 37 Apollo
1428 959 42 29 ist
1485 957 120 31 freilich

224 1018 50 29 ein
292 1014 98 41 Opfer
406 1014 125 35 Amors,
548 1011 76 29 aber
640 1020 33 19 er
689 1010 104 29 wahrt
809 1005 212 42 zuguterletzt
1038 1004 85 31 seine
1140 1003 151 41 göttliche
1308 1003 118 29 Würde
1443 1002 87 30 nicht
1548 1012 59 19 nur

224 1061 100 29 durch
349 1058 172 39 Ergebung
543 1057 33 28 in
599 1055 67 29 sein
692 1051 172 38 Schicksal,
888 1050 136 32 sondern
1049 1049 81 30 auch
1154 1048 100 30 durch
1278 1046 174 40 Erhebung
1475 1046 54 30 der
1552 1046 54 28 ihn

225 1101 300 35 Verschmähenden
541 1111 40 18 zu
597 1098 162 36 „seinem“
777 1097 119 34 Baum;
912 1096 68 29 und
995 1093 138 41 Daphne
1148 1093 44 29 ist
1207 1093 89 29 nicht
1312 1101 61 20 nur
1389 1091 51 29 die
1458 1089 149 40 Siegerin,

225 1148 137 32 sondern
378 1148 81 30 auch
474 1146 33 30 in
522 1144 165 40 gewissem
704 1143 94 29 Sinne
814 1141 50 29 die
882 1139 172 37 Gestrafte,
1070 1138 67 30 und
1151 1138 50 28 ihr
1215 1138 113 29 letztes
1345 1135 116 29 Gefühl
1475 1135 42 28 ist
1533 1134 61 29 Ein­

225 1192 163 41 willigung
408 1192 34 29 in
463 1191 51 29 die
535 1188 177 40 geläuterte
733 1185 185 39 Verehrung
937 1184 85 29 ihres
1044 1181 178 40 Verfolgers
1242 1199 41 2 —
1304 1180 50 30 die
1375 1179 155 31 erotische
1551 1179 45 28 Er­

227 1237 139 40 zählung
387 1235 103 30 erhält
513 1243 35 20 so
570 1233 82 29 auch
675 1232 73 29 dort
770 1230 69 30 eine
863 1227 200 41 „tragische"
1086 1224 177 41 Wendung.
1288 1224 56 30 Bei
1367 1223 147 38 Berguire
1536 1223 73 29 tritt

227 1281 85 31 diese
326 1277 197 34 Erkenntnis
536 1277 114 30 wieder
663 1278 124 36 zutage,
800 1273 114 40 jedoch
927 1269 404 33 charakteristischerweise
1343 1269 33 28 in
1389 1267 75 30 zwei
1476 1276 114 31 gegen­

229 1324 162 33 sätzlich
421 1321 196 32 formulierte
641 1319 177 39 Allegorien
842 1317 176 39 zerspalten
1044 1316 66 28 und
1133 1325 83 18 zwar
1239 1312 162 39 deswegen
1423 1310 188 40 zerspalten,

230 1369 68 31 weil
326 1369 50 30 die
403 1366 182 31 christliche
612 1364 183 38 Auslegung
821 1362 57 28 das
905 1359 202 31 moralisch
1133 1359 46 28 im
1207 1357 128 30 Grunde
1362 1353 248 32 indifferente

232 1412 245 41 Gleichgewicht
491 1411 56 28 der
560 1409 138 38 Figuren
710 1408 53 28 bei
776 1407 75 29 dem
861 1403 206 32 heidnischen
1081 1402 132 30 Dichter
1226 1402 48 29 als
1285 1400 122 30 solches
1419 1398 88 30 nicht
1522 1397 90 30 mehr

229 1456 172 41 begreifen,
427 1454 168 40 jedenfalls
621 1452 88 29 nicht
737 1450 91 30 mehr
854 1448 203 31 anerkennen
1083 1447 130 34 konnte,
1240 1456 34 18 es
1299 1442 154 32 vielmehr
1478 1442 33 28 in
1538 1442 74 29 zwei

229 1500 226 40 selbständige,
484 1499 108 38 polare
621 1494 266 30 Moralansichten
915 1492 144 38 zerlegen
1087 1491 121 34 mußte,
1238 1499 55 19 um
1321 1487 61 31 den
1412 1486 86 29 Kern
1525 1484 87 41 jener

233 1542 338 42 Gleichberechtigung
600 1540 54 29 der
682 1539 114 29 beiden
825 1537 136 39 Figuren
990 1534 182 40 überhaupt
1200 1533 104 30 fassen
1333 1541 39 20 zu
1400 1530 136 30 können.
1567 1530 46 28 Ist

230 1590 148 32 Phoebus
392 1589 55 28 der
462 1588 78 36 „Sol
553 1583 165 42 justitiae"
734 1581 156 36 Christus,
903 1590 36 21 so
952 1580 72 29 fällt
1038 1579 84 29 auch
1136 1578 93 29 alles
1242 1576 93 30 Licht
1350 1575 56 30 auf
1417 1574 67 36 ihn,
1499 1573 114 30 Flucht

228 1635 69 29 und
316 1632 73 40 Sieg
406 1633 56 29 der
480 1631 124 30 Laurus
621 1628 127 31 werden
765 1626 99 39 völlig
880 1623 181 37 eliminiert,
1081 1633 60 19 nur
1159 1623 51 28 die
1227 1622 96 29 letzte
1342 1619 200 39 Umarmung
1560 1618 55 28 des

230 1678 149 37 Baumes,
402 1678 84 28 seine
509 1673 174 40 Erhebung
704 1682 40 19 zu
766 1669 159 31 Phoebus’
947 1669 116 35 Baum,
1086 1676 58 20 aus
1165 1667 55 28 der
1243 1664 98 30 Fabel
1361 1661 252 42 herausgelesen;

227 1724 44 29 ist
291 1721 137 40 Daphne
446 1720 51 30 die
517 1718 141 36 „Anima
675 1714 207 37 christiana“,
902 1722 35 21 so
956 1713 78 29 muß
1052 1712 90 29 ihren
1161 1710 163 38 Verfolger
1341 1707 141 30 härteste
1502 1705 99 31 Verur­

230 1767 123 40 teilung
363 1766 126 35 treffen,
502 1764 79 29 wird
592 1772 32 20 er
635 1770 74 21 zum
723 1759 144 30 Sinnbild
879 1758 76 30 alles
966 1757 115 29 Bösen.
1097 1755 40 30 So
1148 1755 79 29 wird
1238 1753 113 39 Apollo
1361 1752 68 29 hier
1439 1760 74 20 zum
1526 1748 88 36 Gott,

232 1811 72 29 dort
325 1819 74 21 zum
418 1809 121 35 Teufel,
560 1807 67 30 und
648 1806 55 28 der
724 1804 105 29 Baum
848 1803 67 28 hier
936 1812 73 19 zum
1031 1799 272 35 Kreuzesstamm,
1324 1797 72 29 dort
1417 1804 56 20 zur
1493 1792 109 41 gefähr­

233 1855 105 35 deten,
351 1864 64 20 von
429 1853 115 30 Satans
555 1851 80 30 Lust
646 1848 199 39 bedrängten
860 1846 95 36 Seele,
967 1846 51 29 die
1029 1845 58 29 auf
1095 1843 153 40 göttliche
1260 1842 87 29 Hilfe
1357 1836 196 44 angewiesen
1563 1837 52 28 ist.

313 1903 59 30 Die
388 1896 434 36 christlich-moralisierende
837 1895 148 30 Tendenz
999 1894 58 30 hat
1073 1893 67 30 hier
1154 1892 90 29 ihren
1260 1888 198 40 Höhepunkt
1473 1884 143 32 erreicht.

233 1947 207 40 Nachklänge
460 1945 112 31 finden
592 1943 67 30 sich
681 1941 161 30 natürlich
863 1939 153 35 vielfach;
1038 1939 78 28 aber
1137 1937 51 28 die
1209 1932 233 41 „Allegorien",
1465 1930 51 30 die
1536 1930 82 29 nach

233 1992 58 30 wie
311 2001 57 21 vor
388 1992 74 28 dem
480 1990 83 30 Text
583 1988 76 29 oder
679 1986 54 30 der
753 1984 140 37 „Glose"
915 1982 153 40 angefügt
1086 1982 136 33 werden,
1249 1978 152 30 verlieren
1421 1972 198 34 zunehmend

233 2036 91 30 ihren
345 2039 109 35 streng
473 2033 168 40 religiösen
663 2030 175 30 Charakter
860 2028 67 29 und
950 2028 134 29 machen
1106 2020 341 35 bezeichnenderweise
1468 2021 64 27 erst
1555 2027 63 19 von

235 2090 115 21 neuem
379 2074 469 45 allgemein-moralisierenden,
879 2074 107 37 später
1016 2068 233 33 humanistisch
1279 2065 165 40 gefärbten
1476 2062 129 31 Deutun­

237 2134 61 28 gen
320 2123 101 31 Platz.

319 2173 38 29 In
375 2170 189 32 Giovanni
579 2166 276 41 Buonsignoris
868 2162 270 42 Allegorisierung
1152 2171 65 19 von
1234 2167 78 31 1375
1328 2159 37 38 (s.
1381 2156 131 30 Exkurs
1523 2153 45 36 II,
1581 2152 38 38 F)

238 2216 78 29 wird
332 2217 104 29 zuerst
452 2215 136 38 Daphne
606 2213 59 28 mit
682 2212 55 30 der
753 2210 133 40 Tugend
902 2207 206 32 identifiziert
1124 2223 42 4 —
1181 2205 58 29 mit
1257 2204 55 29 der
1328 2201 129 31 kühnen
1475 2197 132 39 Behaup­

237 2263 96 36 tung:
350 2262 94 28 tanto
459 2270 17 19 e
493 2259 87 29 adire
597 2256 127 41 daphne
740 2256 34 28 in
789 2255 117 39 grecho
922 2255 123 37 quanto
1061 2251 122 29 virtute
1199 2266 51 17 —,
1267 2249 55 28 der
1339 2243 142 42 Tugend,
1499 2242 55 30 der
1570 2241 51 28 die

322 2356 24 31 1)
367 2355 163 32 Fulgentius
551 2352 170 26 metaforalis
749 2351 129 30 (Studien
893 2351 25 22 d.
936 2349 72 24 Bibi.
1024 2347 138 31 Warburg
1178 2346 47 26 IV,
1245 2344 76 30 1926)
1342 2342 26 25 S.
1381 2349 29 22 41
1419 2340 40 28 ff.,
1476 2339 63 24 dort
1555 2337 66 23 alles

240 2392 111 25 Nähere
380 2391 68 23 über
476 2390 44 23 die
548 2389 128 23 früheren
695 2384 349 34 Autorenbezeichnungen
1073 2389 66 17 usw.
1172 2378 233 32 (Nachzutragen:
1435 2375 36 24 M.
1483 2371 138 34 Esposito,

241 2427 117 32 English
373 2425 151 25 Historical
539 2424 112 23 Review
665 2431 41 22 30,
725 2430 74 22 1915,
816 2426 51 26 409
874 2420 51 30 ff.).
942 2421 49 22 Ich
1006 2420 119 23 benutze
1139 2417 54 22 den
1207 2417 82 21 unter
1303 2413 63 24 dem
1380 2410 109 25 Namen
1502 2407 120 26 Thomas

242 2462 115 32 Waleys
375 2461 195 24 erschienenen
590 2459 107 23 Pariser
715 2458 94 23 Druck
829 2464 55 15 von
907 2462 64 24 1511
994 2454 57 31 (bei
1071 2453 91 31 Jehan
1181 2450 94 30 Petit).

324 2498 25 29 2)
371 2498 18 23 f.
403 2497 68 23 XVI
491 2502 30 17 v:
537 2496 60 22 Ista
616 2493 94 25 laurus
723 2492 140 31 significat
877 2497 109 18 crucem
999 2497 86 24 quam
1098 2494 50 25 pro
1161 2488 75 21 certo
1250 2485 91 30 phebo
1354 2483 27 23 id
1396 2483 41 22 est
1450 2478 110 26 Christo
1573 2478 52 23 soh

243 2533 125 26 iustitiae
385 2533 91 23 fuerat
494 2530 127 24 dedicata
638 2530 36 22 ab
690 2535 33 18 eo
739 2527 179 32 corporaliter
934 2524 160 32 amplexata
1108 2543 4 3 .
1127 2543 4 3 .
1147 2541 4 4 .
1164 2521 110 24 Phebus
1290 2521 53 21 iste
1359 2517 93 31 potest
1468 2512 156 34 significare

249 2567 151 30 diabolum,
414 2567 120 31 Daphne
546 2565 123 23 animam
681 2562 188 26 christianam.
