2409 3159
840 335 42 32 24

1388 336 130 23 Bildliche
1533 336 203 30 Darstellungen
1751 337 28 22 in
1795 337 151 24 Mittelalter
1961 341 54 22 und
2031 341 178 25 Renaissance

838 399 109 29 macht
967 408 57 18 aus
1044 397 73 30 dem
1137 398 198 29 Kitharöden
1355 409 65 18 nun
1441 399 80 28 doch
1542 399 61 30 den
1623 400 196 39 Angreifer
1838 418 41 3 —
1898 401 54 28 der
1975 401 77 31 Gott
2072 405 135 38 verfolgt

837 442 99 34 nicht,
959 442 75 27 aber
1055 450 33 19 er
1109 442 92 28 sucht
1224 442 49 28 die
1298 442 120 38 Spröde
1440 453 40 18 an
1502 443 61 29 den
1585 445 128 27 Haaren
1734 444 105 29 hinter
1860 444 67 29 sich
1947 445 56 29 her
2024 456 39 19 zu
2084 448 123 34 ziehen;

837 485 94 29 dabei
944 485 85 28 wirft
1044 493 32 20 er
1091 485 60 28 den
1168 486 87 37 Kopf
1268 486 48 28 ins
1332 487 97 28 Profil
1443 487 128 35 zurück,
1587 489 66 27 und
1668 489 49 27 die
1732 488 224 29 freiwerdende
1973 489 118 30 Rechte
2106 492 101 29 erhält

836 529 47 28 als
897 529 145 28 Attribut
1063 530 81 28 statt
1165 530 55 28 der
1240 529 105 30 stillen
1367 531 88 28 Leier
1476 531 60 29 den
1550 532 159 28 schnellen
1723 533 108 37 Bogen
1854 550 41 2 —
1916 532 50 28 bei
1980 532 228 41 gleichzeitiger

836 572 191 38 Anlehnung
1048 581 40 20 an
1110 573 60 28 den
1191 574 332 39 gereinigter-antiken
1545 575 109 38 Typus
1675 577 54 27 des
1750 575 114 39 Apollo
1885 585 64 19 von
1972 576 169 32 Belvedere
2165 580 43 36 (in

835 615 121 30 diesem
974 616 95 29 Sinne
1086 616 126 29 antiker
1228 618 43 27 ist
1289 618 82 29 auch
1388 618 51 28 die
1458 618 230 39 Hochstellung
1705 620 55 28 des
1776 620 131 29 rechten
1926 619 136 39 Beines).
2082 622 128 29 Ebenso

833 659 278 31 charakteristisch
1136 661 48 28 ins
1200 661 122 28 stärker
1338 662 212 38 Dynamische
1566 664 174 37 gewandelt
1756 663 154 30 erscheint
1928 664 144 39 Daphne.
2092 666 52 28 Ihr
2160 677 36 27 ge­

832 704 166 29 ruhsames
1018 704 161 30 Dastehen
1198 705 79 27 wird
1296 714 39 20 zu
1354 706 223 30 verzweifelter
1597 708 149 33 Abwehr;
1767 717 57 19 vor
1843 708 129 37 Apollos
1991 708 122 38 Zugriff
2131 710 78 29 wird

834 757 65 19 nun
912 749 49 27 ihr
974 748 147 29 rechter
1135 749 78 27 Arm
1224 749 287 38 zurückgeworfen,
1525 751 54 28 der
1592 752 84 27 linke
1690 752 77 27 über
1780 752 56 29 das
1849 752 204 30 schmerzlich
2066 754 143 38 geneigte

835 791 112 38 Haupt
965 791 151 39 gebogen,
1136 793 66 28 und
1220 793 50 28 die
1290 792 95 30 Beine
1405 794 135 28 kreuzen
1560 794 65 29 sich
1643 795 170 38 gleichsam
1831 796 246 30 widerstrebend
2099 797 110 39 (wobei

833 836 52 28 für
897 837 95 27 Arme
1004 835 66 29 und
1083 835 96 29 Beine
1191 836 157 30 vielleicht
1361 837 115 29 andere
1489 838 313 30 antik-statuarische
1815 840 163 28 Tradition
1989 841 219 39 hereinspielt:

830 877 1377 46 ruhende Genien mit diesen Motiven sind bekannt) 1 2 3 4 ); und vor allem ist natür­
830 923 64 29 lich
917 924 59 27 mit
999 924 55 27 der
1077 923 274 40 Verwandlung
1373 925 98 28 Ernst
1493 926 162 38 gemacht:
1679 929 81 26 statt
1784 927 54 29 des
1860 928 261 30 Nebeneinander
2144 940 63 19 von

832 966 120 29 Beinen
967 968 66 27 und
1051 966 123 30 Stamm
1188 969 50 27 ein
1255 967 198 36 Ineinander,
1470 970 66 27 und
1552 972 80 26 statt
1649 971 53 27 des
1717 971 81 27 nach
1814 972 82 28 links
1912 972 80 29 oben
2007 974 199 38 gestreckten

830 1011 113 28 Armes
965 1011 54 28 der
1040 1010 318 40 Elfenbein-Daphne
1380 1013 56 28 das
1456 1013 174 29 Auslaufen
1652 1014 54 28 des
1726 1014 107 29 linken
1854 1016 32 27 in
1907 1016 96 37 große
2024 1017 120 38 Zweige
2166 1029 40 18 an

831 1054 56 29 der
897 1055 141 37 gleichen
1052 1054 94 30 Stelle
1157 1055 67 28 und
1234 1066 39 18 zu
1284 1056 152 37 gleichem
1447 1057 295 37 kompositioneilen
1753 1058 120 29 Zweck.
1886 1060 98 27 Amor
1995 1061 65 28 und
2074 1062 131 29 Schwan

829 1097 105 30 fehlen
962 1099 55 27 der
1044 1098 158 29 vielleicht
1230 1099 221 38 ursprünglich
1477 1100 313 29 real-statuarischen
1820 1102 145 38 Gruppe;
1994 1104 55 29 der
2079 1105 128 31 Stecher

828 1141 105 30 stellte
953 1142 43 28 sie
1015 1142 33 27 in
1067 1142 102 29 klarer
1189 1143 348 29 Dreidimensionalität
1557 1153 57 19 vor
1634 1145 49 28 die
1701 1145 80 28 helle
1801 1146 86 28 ferne
1907 1147 203 30 Landschaft.

912 1185 155 29 Barthel
1082 1185 139 30 Beham
1234 1187 56 27 hat
1305 1187 32 28 in
1352 1188 190 36 Anlehnung
1557 1197 40 19 an
1612 1188 66 29 dies
1692 1188 95 29 Werk
1801 1200 55 18 um
1872 1190 77 35 1528
1963 1190 91 31 einen
2069 1193 123 37 Kupfer­

828 1228 82 30 stich
928 1228 182 39 geschaffen
1132 1229 92 38 (Abb.
1240 1230 49 37 25)
1300 1230 12 16 2
1314 1230 20 39 ),
1358 1232 32 27 in
1414 1232 73 27 dem
1503 1241 33 18 er
1553 1232 244 37 hauptsächlich
1815 1234 113 37 Apollo
1946 1235 169 30 verändert
2134 1237 71 29 hat:

827 1282 34 19 er
874 1273 68 37 gibt
956 1273 66 34 ihn,
1036 1273 32 28 in
1083 1272 165 30 zweifellos
1261 1274 164 29 bewußter
1441 1276 178 29 Korrektur
1633 1277 54 28 des
1701 1277 175 35 Vorbildes,
1891 1278 32 28 in
1939 1279 266 36 Rückenansicht,

826 1315 151 31 wodurch
999 1326 34 19 er
1056 1316 50 31 die
1130 1318 204 38 Möglichkeit
1356 1319 149 38 gewinnt,
1529 1320 52 29 bei
1602 1320 161 29 leidlicher
1786 1320 164 40 Wahrung
1972 1323 56 29 des
2049 1334 144 28 gruppen­

826 1360 123 38 artigen
960 1360 190 31 Charakters
1160 1365 81 25 statt
1253 1363 54 28 des
1317 1363 136 37 Daphne
1463 1364 105 29 hinter
1578 1365 66 28 sich
1653 1365 56 28 her
1719 1366 170 28 zerrenden
1899 1367 91 28 einen
1999 1369 207 29 erschrocken

825 1404 34 29 in
875 1405 55 27 der
946 1404 193 39 Verfolgung
1154 1407 224 29 einhaltenden
1395 1408 113 37 Apollo
1525 1418 39 19 zu
1579 1410 157 36 gestalten
1753 1410 66 28 und
1835 1420 34 18 so
1886 1411 57 28 das
1959 1411 175 40 Anstößige
2151 1414 55 28 der

827 1447 250 39 Interpretation
1098 1451 54 28 des
1173 1451 165 29 Italieners
1357 1452 44 28 im
1424 1452 93 28 Sinne
1539 1452 54 29 der
1613 1453 171 29 korrekten
1805 1455 271 40 Textauffassung
2094 1468 39 18 zu
2153 1458 39 28 eli­

826 1492 162 30 minieren.

907 1537 214 30 Unterdessen
1141 1539 90 28 hatte
1252 1539 66 28 sich
1339 1540 117 28 bereits
1476 1540 49 28 die
1547 1540 284 31 Buchillustration
1851 1543 56 28 der
1927 1544 278 39 Metamorphosen

825 1580 100 30 Ovids
937 1582 212 38 bemächtigt;
1163 1586 104 26 zuerst
1283 1591 87 30 1497,
1383 1585 46 28 als
1441 1585 86 28 Zoan
1542 1585 100 29 Rosso
1654 1586 32 28 in
1699 1586 141 39 Venedig
1850 1589 71 37 jene
1934 1589 270 39 allegorisierende

824 1625 131 29 Version
975 1626 54 29 des
1051 1626 158 30 Giovanni
1229 1628 187 38 Bonsignori
1435 1638 63 19 von
1520 1635 76 32 1375
1616 1640 74 18 zum
1707 1634 106 26 ersten
1833 1633 81 28 Male
1941 1634 142 29 druckte.
2088 1634 12 17 3
2103 1635 8 37 )
2140 1636 64 27 Der

824 1669 329 40 Daphneholzschnitt
1162 1671 100 29 dieses
1272 1672 123 29 Buches
1406 1673 199 38 (Textabb.4,
1613 1674 82 38 S.26)
1705 1676 154 38 vereinigt
1867 1677 61 28 den
1937 1678 135 38 Apollon
2084 1679 120 37 Pytho-

823 1714 126 34 ktonos,
962 1715 107 28 seinen
1085 1714 96 30 Streit
1195 1716 59 28 mit
1267 1717 98 28 Amor
1377 1717 66 28 und
1456 1717 49 28 die
1518 1717 193 40 Verfolgung
1723 1720 167 38 Daphnes;
1904 1721 83 29 diese
2000 1722 205 39 Darstellung

822 1758 86 29 steht
925 1759 56 28 auf
997 1759 54 28 der
1070 1758 90 30 Stufe
1177 1760 54 28 der
1250 1760 97 29 Szene
1364 1761 54 28 der
1435 1762 272 30 Harewoodtruhe
1727 1764 92 37 (Abb.
1836 1765 59 38 12),
1912 1775 61 19 nur
1989 1766 63 29 daß
2069 1767 136 37 Daphne

820 1802 70 29 eine
911 1803 195 38 Andeutung
1131 1804 56 28 der
1207 1804 233 39 Verwandlung
1461 1806 252 30 mitbekommen
1732 1808 69 35 hat,
1829 1810 51 28 die
1899 1810 121 28 freilich
2041 1821 53 18 am
2116 1811 90 37 Kopf

822 1846 56 29 wie
896 1847 69 28 eine
978 1847 212 29 Baummütze
1204 1848 155 35 aussieht;
1379 1850 56 28 auf
1447 1852 147 36 späteren
1608 1851 185 29 schwachen
1809 1853 125 38 Kopien
1948 1854 99 30 dieses
2063 1856 141 28 Schnitts

819 1889 43 30 ist
887 1900 74 19 man
984 1900 92 28 sogar
1099 1902 73 18 zum
1195 1893 109 37 Typus
1328 1894 126 33 „Baum
1472 1897 31 30 +
1520 1894 108 38 Kopf"
1652 1895 76 29 oder
1750 1897 125 29 einfach
1899 1898 147 35 „Baum“
2069 1900 120 28 zurück­

819 1934 143 38 gekehrt.
966 1935 12 16 4
980 1935 8 37 )
1017 1935 384 31 Illustrationscharakter
1433 1940 86 35 trägt
1551 1939 81 29 auch
1658 1939 68 30 eine
1752 1941 94 38 Folge
1871 1952 64 18 von
1960 1942 66 29 vier
2052 1944 150 37 Daphne-

822 1978 131 35 Szenen,
972 1979 49 28 die
1039 1980 55 28 der
1111 1981 149 33 „Meister
1277 1981 59 29 mit
1354 1982 73 28 dem
1442 1982 142 29 Würfel“
1602 1984 82 29 nach
1704 1984 125 30 Giulio
1847 1986 167 28 Romano
2029 1987 172 38 gestochen

818 2022 68 29 hat.
890 2023 12 16 5
903 2023 10 37 )
937 2024 65 27 Auf
1017 2024 56 28 der
1093 2027 106 26 ersten
1214 2025 123 29 schießt
1354 2027 99 27 Amor
1467 2027 91 28 einen
1576 2028 78 28 Pfeil
1669 2030 56 27 auf
1740 2029 62 29 den
1816 2030 81 28 eben
1911 2031 82 27 noch
2008 2031 193 38 siegreichen

901 2128 23 30 1)
939 2128 61 30 Vgl.
1012 2128 152 28 Tikkanen,
1186 2130 51 22 Die
1257 2130 225 32 Beinstellungen
1502 2132 28 23 in
1549 2133 47 23 der
1612 2133 249 31 Kunstgeschichte
1877 2135 41 29 (=
1931 2136 72 22 Acta
2020 2136 58 24 Soc.
2097 2137 102 23 Scient.

818 2163 86 24 Fenn.
918 2164 90 26 XL1I,
1028 2164 76 29 1912)
1126 2165 25 22 S.
1166 2172 57 22 131.

898 2199 25 29 2)
938 2200 119 21 Bartsch
1074 2206 40 22 25.
1130 2200 32 22 G.
1175 2200 87 27 Pauli,
1281 2201 31 22 B.
1326 2202 114 26 Beham,
1458 2203 44 22 ein
1519 2202 63 25 krit.
1595 2204 77 23 Verz.
1685 2211 20 15 s.
1720 2204 142 31 Kupferst.
1878 2205 128 29 (Studien
2018 2214 22 15 z.
2053 2208 25 22 d.
2094 2209 105 21 Kunst-

817 2234 91 30 gesch.
923 2234 69 29 135),
1007 2234 153 30 Straßburg
1174 2243 74 20 1911,
1261 2236 47 22 Nr.
1324 2244 39 22 15,
1376 2237 59 23 Tat.
1449 2238 22 26 T,
1483 2238 29 22 in
1522 2237 59 25 vier
1592 2239 166 23 Zuständen.
1771 2240 56 23 Vor
1840 2248 75 21 1529,
1928 2241 36 22 da
1974 2241 29 23 in
2014 2242 103 23 diesem
2130 2244 68 29 Jahr

816 2269 111 31 kopiert
937 2270 89 29 (Pauli
1035 2269 73 30 15a).
1121 2270 120 23 Weitere
1250 2271 90 31 Kopie
1347 2280 66 14 vom
1426 2273 131 27 „Meister
1568 2274 52 23 mit
1632 2275 48 22 der
1691 2275 114 23 Eichel"
1821 2276 79 23 Stich
1912 2277 30 22 P.
1955 2277 41 22 IV
2009 2277 27 24 S.
2050 2280 49 26 169
2111 2279 48 22 Nr.
2171 2286 26 15 2.

897 2305 25 30 3)
937 2305 110 29 Essling
1068 2312 58 23 223.
1154 2306 36 22 M.
1204 2307 33 21 D.
1251 2306 116 28 Henkel,
1393 2308 135 30 Vorträge
1553 2309 47 23 der
1626 2310 72 22 Bibi.
1713 2310 137 31 Warburg
1873 2312 123 30 1926/27,
2019 2313 76 23 L.-B.
2120 2321 76 21 1930,

818 2339 27 24 S.
857 2342 33 27 65
896 2340 31 22 ff.
949 2340 53 22 mit
1022 2339 205 24 ausführlichen
1248 2342 134 30 Angaben
1403 2343 67 22 über
1491 2344 165 30 Benutzung
1676 2346 57 22 und
1754 2346 205 31 Nachahmung
1978 2348 49 22 der
2047 2349 149 29 originalen

816 2374 195 24 Holzschnitte
1030 2376 29 21 in
1078 2375 53 23 den
1151 2378 127 28 späteren
1298 2377 156 30 Ausgaben.

896 2411 25 29 4)
940 2411 35 22 So
993 2411 29 21 in
1040 2411 54 23 den
1113 2412 148 29 Ausgaben
1282 2419 65 23 1513
1367 2413 57 22 und
1446 2415 74 28 1526.

895 2446 25 29 5)
935 2446 119 22 Bartsch
1070 2445 60 28 XV,
1145 2453 109 21 19—22.
1285 2447 62 24 Von
1369 2449 49 21 Ph.
1431 2448 165 25 Thomassin
1621 2451 185 24 retouchierte
1833 2453 165 30 Exemplare
2023 2455 97 28 tragen
2142 2454 55 22 den

816 2480 134 23 Vermerk
973 2481 112 30 „Julius
1104 2482 142 22 Romanus
1263 2482 156 24 inventor".
1440 2484 176 32 Besprochen
1632 2494 56 15 von
1706 2487 102 23 Bellori
1825 2489 29 22 in
1871 2489 104 22 seinem
1993 2489 116 23 Traktat
2128 2489 69 22 über

813 2515 140 24 Marattas
970 2517 128 30 Daphne,
1116 2524 21 16 s.
1155 2517 73 23 Text
1238 2518 55 22 III.
1312 2518 56 23 Der
1384 2519 100 30 Apollo
1499 2519 31 23 in
1546 2520 49 24 der
1611 2522 79 22 Linie
1707 2522 49 22 des
1773 2522 196 28 Dürer’schen;
1987 2524 54 30 vgl.
2060 2524 72 23 auch
2149 2524 47 23 die
