2464 3159
230 373 185 31 Auslegungen
429 373 67 24 nach
510 374 45 23 der
572 372 180 24 Renaissance

1559 368 40 31 51

1365 2593 30 28 4*

227 439 135 35 Setzung
369 434 170 31 Albrechts
552 445 63 18 von
631 432 210 31 Halberstadt
861 430 116 38 (Mainz
992 432 90 36 1545)
1104 431 183 30 bezeichnet
1306 432 113 37 Apollo
1435 433 45 28 als
1496 457 5 8 ,
1509 432 94 33 ,Hur-

228 480 100 29 kind“
338 480 67 28 und
418 478 134 31 benutzt
561 479 50 28 die
622 476 185 39 Erzählung
815 484 63 19 von
888 475 55 28 der
955 473 196 31 Keuschheit
1158 473 161 39 Daphnes,
1330 485 55 18 um
1393 485 39 18 zu
1438 475 165 35 beweisen,

229 525 63 28 daß
314 524 74 34 „die
405 522 134 39 Heyden
554 523 48 27 nit
619 522 66 28 also
699 520 119 38 gottlos
833 518 66 29 sein
915 519 47 27 als
978 518 49 28 die
1046 517 234 37 Jovinianisten
1298 518 125 35 Ketzer,
1439 528 35 20 so
1485 520 120 29 solcher

227 570 114 36 tugent
361 568 124 37 keynen
498 566 153 29 sonderen
670 563 163 30 verdienst
853 561 242 35 zuschreiben“;
1112 561 163 38 Johannes
1286 561 154 39 Sprenger
1453 562 32 28 in
1498 563 105 28 seinen

227 612 180 38 Distychen
419 622 40 18 zu
472 610 100 38 Virgil
587 608 90 30 Solis’
691 606 245 31 Holzschnitten
950 605 32 29 in
997 605 54 28 der
1065 605 211 29 Frankfurter
1289 605 148 39 Ausgabe
1449 614 63 20 von
1528 606 77 37 1563

226 656 137 29 schließt
380 656 68 29 sich
466 653 89 30 nicht
575 652 123 29 minder
716 651 56 29 der
791 649 293 30 mittelalterlichen
1103 648 164 29 Tradition
1286 657 50 20 an.
1341 648 11 18 1
1354 649 9 36 )
1384 649 89 28 Noch
1491 649 32 27 in
1542 659 63 19 van

229 700 147 29 Manders
396 697 170 31 Abschnitt
593 696 78 29 über
692 694 136 38 Daphne
857 694 33 28 in
911 692 101 30 seiner
1034 692 234 39 „Uytleggingh
1292 701 42 28 op
1356 692 60 29 den
1438 692 168 30 Metamor-

228 742 130 40 phosis“
377 742 88 29 steht
486 741 50 29 die
556 739 213 39 Ausdeutung
789 738 47 29 als
857 738 113 33 „Lohn
991 737 56 28 der
1068 736 218 29 Keuschheit“
1307 736 44 29 im
1372 734 234 40 Vordergrund,

226 787 124 29 freilich
365 787 89 28 nicht
471 785 90 29 mehr
575 785 33 27 in
624 782 169 40 spezifisch
809 781 207 34 christlicher,
1033 779 134 30 sondern
1181 779 32 29 in
1227 779 382 40 allgemein-moralischer

228 830 168 39 Wendung
425 829 66 29 und
516 831 93 25 unter
633 827 172 30 besonders
829 824 200 39 sorgfältiger
1053 823 218 39 allegorischer
1296 822 230 41 Verknüpfung
1550 824 59 28 mit

228 877 60 27 den
302 872 301 40 „physikalischen“
618 870 247 40 Eigenschaften
887 870 54 28 des
956 868 161 30 Lorbeers.
1121 868 12 16 2
1134 868 10 38 )
1166 867 166 30 Natürlich
1347 867 161 38 gewinnen
1523 868 84 27 dann

228 920 50 28 die
304 915 299 40 „physikalischen"
632 916 67 29 und
725 911 313 38 „aufklärerischen“
1067 911 202 39 Deutungen,
1305 911 49 30 die
1381 911 34 37 ja
1442 911 80 28 auch
1551 912 57 28 das

228 963 188 29 Mittelalter
433 961 100 29 schon
549 960 35 28 in
601 958 218 41 ausgiebigem
836 958 94 28 Maße
948 957 142 39 gekannt
1108 955 104 36 hatte,
1230 956 46 28 im
1296 963 48 30 17.
1364 955 68 28 und
1451 954 47 29 18.
1514 954 80 36 Jahr­

228 1007 138 29 hundert
387 1014 81 29 ganz
489 1004 166 38 allgemein
676 1003 80 29 über
778 1002 50 30 die
849 999 457 32 christlich-moralisierenden
1327 999 51 28 die
1400 997 181 31 Oberhand.
1583 999 12 16 3
1598 998 10 37 )

232 1051 102 29 Schon
358 1048 150 31 Rabelais
528 1049 92 28 hatte
641 1048 46 28 im
708 1046 115 40 Prolog
845 1057 73 18 zum
942 1044 188 41 Gargantua
1152 1044 49 28 die
1224 1043 100 30 Leute
1345 1044 190 36 verspottet,
1559 1042 49 29 die

227 1095 148 39 glauben,
392 1102 75 20 man
483 1093 105 28 könne
604 1093 33 29 in
654 1091 101 30 Ovids
773 1090 137 31 Gedicht
927 1091 67 34 „les
1009 1090 193 30 sacrements
1218 1088 39 28 de
1272 1080 200 46 l’fivangile“
1489 1086 119 35 finden,

228 1138 161 40 „lesquelz
402 1148 45 18 un
459 1137 82 30 frere
555 1137 116 34 Lubin,
684 1145 84 30 vray
780 1134 242 40 croquelardon,
1035 1133 76 29 s’est
1124 1132 119 30 efforce
1257 1131 209 35 demonstrer,
1480 1131 28 29 si
1522 1131 89 28 d’ad-

230 1185 134 28 venture
383 1182 23 29 il
424 1182 194 29 rencontrait
638 1191 76 27 gens
735 1180 85 30 aussi
839 1179 62 29 folz
921 1188 61 29 que
1001 1177 89 39 luy“.
1113 1177 151 29 Erasmus
1283 1176 66 29 und
1368 1176 119 29 Luther
1505 1176 105 28 haben

231 1229 66 29 sich
323 1228 105 28 scharf
453 1236 98 29 gegen
570 1226 104 30 solche
693 1223 284 41 Allegorisationen
996 1221 172 38 gewendet,
1190 1221 119 28 Luther
1335 1229 91 28 sogar
1445 1221 92 27 unter
1556 1220 39 28 be­

231 1272 130 30 sonders
374 1273 159 36 empörter
548 1269 205 39 Erwähnung
767 1269 54 29 der
836 1265 404 41 Daphne-Interpretation
1255 1265 54 28 der
1325 1263 284 38 „Integumenta":

232 1306 1378 50 „Mariam fecerunt laurum, Apollinem Christum". 4 * ) In den Erklärungen zu der
231 1354 221 44 Übersetzung
466 1358 113 28 Dolces
592 1358 33 28 in
640 1358 55 27 der
708 1356 149 39 Ausgabe
871 1366 64 18 von
951 1360 79 32 1570
1043 1354 80 27 wird
1137 1352 136 38 Daphne
1288 1351 89 30 nicht
1391 1350 116 30 einmal
1522 1351 90 27 mehr

229 1403 68 29 ihre
313 1402 195 30 Keuschheit
522 1403 82 27 hoch
618 1400 226 40 angerechnet:
860 1401 82 33 „Per
956 1397 116 36 Dafne,
1087 1398 57 28 che
1158 1395 161 39 fuggendo
1332 1396 114 36 Apollo
1459 1394 35 29 fu
1508 1396 103 27 trans-

230 1447 140 29 formata
382 1447 33 27 in
425 1446 115 34 Lauro,
557 1446 23 27 il
593 1446 93 37 quäle
697 1455 16 18 e
726 1444 113 30 arbore
852 1445 57 27 che
922 1452 64 19 non
999 1442 33 29 fa
1044 1440 113 35 frutto,
1177 1441 26 27 si
1216 1439 111 29 dinota
1339 1440 31 27 la
1384 1438 134 29 durezza
1531 1439 80 28 delle

230 1491 115 34 donne,
362 1491 30 27 le
410 1490 89 38 quali
516 1499 65 18 non
598 1488 217 31 consentendo
833 1498 19 18 a
868 1488 45 37 gli
929 1485 111 30 affetti
1056 1484 145 34 humani,
1220 1483 181 38 divengono
1417 1482 195 30 infruttuose

230 1537 30 27 al
273 1534 157 30 mondo"!
445 1534 38 28 In
498 1534 55 27 der
562 1532 158 39 Folgezeit
736 1531 85 30 blieb
835 1532 94 28 meist
943 1539 61 20 nur
1016 1529 89 28 recht
1119 1528 119 38 plattes
1250 1526 120 30 Gerede
1383 1527 33 28 in
1430 1526 60 29 den
1505 1527 93 33 „Deu­

228 1578 142 41 tungen“
388 1577 102 39 übrig,
508 1577 49 29 bis
574 1576 83 30 denn
673 1575 185 31 schließlich
876 1576 55 29 der
948 1573 91 31 Abb6
1056 1572 116 30 Banier
1188 1572 33 28 in
1238 1572 55 28 der
1311 1569 204 32 Picartschen
1532 1571 66 28 Aus­

227 1624 81 38 gabe
326 1633 64 19 von
410 1630 77 30 1732
506 1623 57 27 auf
580 1621 68 30 eine
667 1622 129 28 ähnlich
813 1620 161 38 ingeniöse
993 1616 269 40 Erklärungsidee
1281 1615 77 29 kam
1375 1615 57 28 wie
1451 1624 53 19 am
1522 1615 90 28 Ende

230 1670 54 28 des
303 1666 203 31 Mittelalters
524 1665 157 30 Christine
701 1666 39 28 de
760 1665 110 29 Pisan:
890 1661 172 41 „Quelque
1081 1660 124 35 Prince,
1224 1660 44 28 du
1286 1660 133 29 nombre
1438 1660 40 28 de
1496 1668 80 19 ceux
1593 1659 21 28 ä

230 1713 56 38 qui
306 1712 137 29 l’amour
466 1710 55 29 des
543 1710 97 29 belles
662 1710 127 28 Lettres
811 1710 40 27 fit
876 1707 119 30 donner
1017 1707 29 28 le
1070 1715 76 18 nom
1168 1703 183 39 d’Apollon,
1375 1705 90 27 etant
1489 1703 124 28 devenu

230 1765 175 21 amoureux
422 1756 38 28 de
478 1755 147 37 Daphne,
644 1754 77 28 Fille
741 1754 38 28 de
798 1754 100 29 Penee
918 1750 61 31 Roi
996 1751 39 28 de
1052 1748 172 36 Thessalie,
1242 1751 33 26 et
1291 1748 32 28 la
1340 1746 211 38 poursuivant
1571 1756 42 18 un

228 1800 84 39 jour,
332 1802 84 27 cette
435 1798 95 39 jeune
550 1798 161 30 Princesse
731 1797 85 38 perit
836 1807 54 19 sur
909 1796 28 29 le
959 1795 82 29 bord
1061 1794 77 28 d’un
1158 1793 129 33 Fleuve,
1309 1801 64 20 aux
1392 1801 86 27 yeux
1498 1790 38 29 de
1556 1799 57 19 son

230 1845 135 30 Amant:
388 1844 152 38 quelques
561 1842 147 30 Lauriers
729 1843 57 37 qui
806 1841 151 29 sortirent
979 1849 40 19 en
1040 1841 50 27 cet
1112 1837 127 29 endroit
1262 1835 175 30 donnerent
1458 1834 64 29 lieu
1544 1834 19 28 ä
1582 1834 33 28 la

231 1888 270 39 Metamorphose;
519 1897 41 18 ou
576 1887 107 38 plutöt
699 1885 218 39 l’etymologie
935 1883 43 29 du
994 1892 77 19 nom
1087 1882 38 29 de
1143 1881 148 38 Daphne,
1310 1879 56 40 qui
1382 1889 38 18 en
1440 1877 80 30 Grec
1536 1881 78 26 veut

231 1933 66 30 dire
315 1942 44 19 un
377 1931 141 35 Laurier,
535 1931 40 29 fit
594 1930 125 39 publier
738 1932 84 27 cette
841 1928 130 30 Fable."
980 1927 11 18 6
994 1927 9 38 )

312 1977 38 28 In
366 1977 54 28 der
436 1976 194 38 Dichtung
644 1975 55 28 der
714 1974 136 29 Neuzeit
865 1974 58 27 hat
939 1972 50 29 die
1005 1969 228 40 Daphnefabel
1246 1968 68 29 eine
1330 1967 44 28 im
1388 1976 122 29 ganzen
1524 1966 89 28 recht

231 2021 205 29 bescheidene
456 2020 89 29 Rolle
562 2019 143 39 gespielt.
725 2017 239 39 Anspielungen
981 2015 123 29 freilich
1122 2014 110 29 finden
1250 2012 67 29 sich
1336 2012 82 28 auch
1435 2010 80 38 jetzt
1534 2010 81 29 noch

233 2066 58 33 oft,
305 2074 58 19 vor
376 2064 94 29 allem
482 2063 160 29 natürlich
655 2063 33 28 in
702 2064 55 27 der
771 2060 209 40 Liebeslyrik,
994 2060 52 28 für
1060 2059 50 28 die
1125 2057 149 30 Petrarca
1288 2055 44 30 sie
1345 2058 106 26 zuerst
1465 2053 151 30 entdeckt

232 2109 105 35 hatte;
354 2109 67 28 und
435 2118 33 19 es
482 2108 91 28 lohnt
589 2107 66 30 sich
670 2106 219 35 herzusetzen,
906 2115 65 19 was
986 2103 154 30 Edmund
1158 2094 137 45 Spen/er
1310 2099 33 30 in
1358 2099 103 29 einem
1476 2098 139 29 schönen

317 2206 22 30 1)
355 2206 81 22 Diese
450 2204 127 32 Ausgabe
590 2204 109 24 enthält
712 2204 52 23 wie
778 2204 44 23 die
838 2202 145 25 Salomons
996 2201 101 24 keinen
1111 2199 144 28 Ovidtext,
1270 2198 119 23 sondern
1403 2196 60 30 gibt
1476 2203 34 15 zu
1523 2195 92 30 jedem

234 2241 63 25 Bild
319 2242 45 22 ein
385 2239 237 32 „Argumentum“
647 2239 60 31 (frei
728 2241 73 21 nach
822 2238 143 31 Lactanz),
988 2236 61 24 eine
1071 2234 185 29 „Enarratio"
1279 2233 57 24 und
1357 2231 61 24 eine
1440 2230 174 31 „Allegoria“

235 2276 91 32 (beide
345 2277 30 22 in
394 2274 173 33 Distychen).

316 2311 25 31 2)
356 2310 176 24 Amsterdam
546 2310 90 23 iöiöf.
650 2317 14 22 7
670 2311 98 22 V—8r.
789 2310 52 23 Die
850 2307 162 32 reineMagd
1023 2306 95 25 behält
1128 2305 51 24 wie
1189 2305 48 22 der
1242 2304 118 23 Lorbeer
1372 2309 68 20 „een
1450 2301 168 30 gheduerigh

234 2350 65 28 goet
313 2345 196 25 welrieckende
523 2344 146 31 gerucht";
684 2345 51 23 wie
751 2346 49 22 der
808 2345 120 22 Lorbeer
941 2343 40 23 im
990 2343 88 23 Feuer
1091 2341 104 31 großen
1204 2341 84 21 Lärm
1301 2338 103 27 macht,
1420 2344 30 16 so
1464 2336 67 23 muß
1545 2336 72 22 auch

234 2384 44 23 ein
296 2382 133 23 keusches
446 2381 136 24 Mädchen
599 2381 63 23 dem
680 2380 213 30 Zudringlichen
910 2379 52 23 mit
982 2377 129 24 Geschrei
1128 2375 178 24 Widerstand
1323 2373 98 23 leisten
1438 2378 66 16 usw.

316 2418 25 30 3)
356 2416 60 30 Vgl.
432 2424 22 15 z.
468 2416 31 21 B.
514 2416 48 23 des
575 2415 133 31 jüngeren
724 2415 126 31 (Johann
866 2414 98 31 Jacob)
982 2413 134 24 Sandrart
1131 2409 221 31 Erläuterungen
1368 2406 154 31 (Nürnberg
1539 2405 75 28 1698,

237 2461 9 16 r
252 2461 14 23 5
273 2453 45 32 f.):
343 2449 321 32 Keuschheitsallegorie,
688 2449 241 32 „physikalische"
954 2445 224 34 Eigenschaften,
1202 2446 57 22 und
1282 2443 158 25 schließlich
1462 2440 142 29 „aufkläre­

233 2488 107 25 rische“
361 2487 133 29 Deutung
511 2486 40 22 im
568 2486 153 30 plattesten
744 2485 77 24 Sinn.

320 2524 26 30 4)
362 2522 85 23 Beide
465 2521 92 23 zitiert
575 2522 45 22 bei
638 2521 150 30 Campbell,
808 2514 132 36 L'ßpitre
958 2517 130 30 d’Othea,
1108 2515 78 26 Paris
1208 2523 73 22 1924,
1304 2514 26 23 S.
1343 2520 41 22 41.

318 2551 26 39 5j
360 2556 128 31 Ausgabe
508 2556 177 24 Amsterdam
707 2563 76 23 1732,
796 2563 42 22 29.
