2464 3159
182 379 61 23 Das
261 378 123 24 Problem
400 376 47 26 des
467 375 228 27 Transitorischen

1518 378 41 23 II

262 441 58 29 Bei
331 440 158 39 Daphne
498 440 44 30 ist
552 440 59 29 das
621 438 261 40 Hauptproblem
890 439 60 28 das
959 439 57 29 der
1024 438 248 41 Verwandlung,
1281 440 60 30 das
1348 441 36 37 ja
1393 440 77 31 aber
1479 441 83 29 auch

180 488 35 29 in
232 485 166 40 gewissem
417 483 96 32 Sinne
529 484 54 29 ein
600 483 150 29 Problem
765 483 57 28 der
839 481 212 40 Bewegung
1065 482 56 29 ist.
1140 483 53 29 Sie
1210 483 61 30 soll
1284 483 125 39 gezeigt
1423 485 140 35 werden,

182 531 59 29 wie
257 529 45 29 sie
319 537 59 21 aus
394 528 74 30 dem
484 528 130 28 Fliehen
630 527 113 28 anhält
759 526 68 28 und
841 524 200 39 gleichzeitig
1055 525 70 28 sich
1139 525 208 31 verwandelt.
1363 527 46 30 Es
1422 527 45 30 ist
1480 527 83 34 klar,

182 575 65 30 daß
271 574 83 28 auch
375 573 69 29 hier
465 571 47 29 im
532 569 208 39 allgemeinen
762 569 57 29 auf
838 568 116 29 immer
976 568 144 31 stärkere
1141 568 173 40 Betonung
1334 571 58 29 des
1411 570 135 32 Transi­

181 618 197 31 torischen
400 615 113 39 gezielt
536 614 90 34 wird,
650 613 64 28 daß
737 613 69 28 also
828 612 52 29 die
903 612 209 39 Darstellung
1134 613 57 28 des
1214 635 20 12 ,,
1238 612 327 38 Sichverwandelns'‘,

181 662 91 32 nicht
293 662 56 29 des
369 656 328 40 „Verwandeltseins"
717 656 115 30 immer
851 656 93 29 mehr
963 656 58 29 das
1041 655 158 30 Interesse
1218 656 57 30 der
1295 655 155 32 Künstler
1466 657 86 30 bean­

182 706 145 41 sprucht.
341 704 71 30 Wie
424 702 89 31 kann
525 701 79 29 aber
615 699 248 41 Verwandlung,
876 699 53 29 die
940 699 36 30 in
988 699 59 30 der
1059 699 84 30 Zeit
1154 698 176 41 geschieht,
1341 701 50 29 als
1403 709 144 22 momen­

183 755 68 27 tan
274 747 184 39 dargestellt
480 745 149 30 werden?
654 744 51 29 Im
729 742 130 32 Grunde
881 743 90 29 kann
992 742 69 32 dies
1081 742 162 32 natürlich
1264 753 62 19 nur
1347 744 219 30 andeutend

183 793 186 41 geschehen,
392 790 67 30 und
473 799 34 19 es
521 789 87 38 fragt
624 787 68 31 sich
705 798 72 24 nur,
792 788 36 29 in
842 787 134 29 welcher
991 787 100 29 Form
1104 787 85 29 diese
1204 786 197 40 Andeutung
1412 797 79 19 vom
1504 787 47 28 Be­

183 838 134 31 schauer
344 845 54 19 am
418 833 135 31 meisten
573 833 47 30 als
640 831 222 32 transitorisch
882 831 199 39 empfunden
1099 831 92 29 wird.
1212 830 80 31 Hier
1309 831 46 29 ist
1373 831 88 30 einer
1478 831 90 38 jener

184 881 87 31 Fälle
285 879 153 39 gegeben,
453 877 53 29 bei
519 878 78 28 dem
608 877 137 38 Lessing
755 876 87 29 nach
854 876 77 28 dem
944 875 198 35 „Laokoon“
1157 874 72 29 eine
1242 874 132 39 Lösung
1384 883 64 22 nur
1460 874 38 29 in
1510 875 58 29 der

183 924 243 32 Zuhilfenahme
439 921 57 31 des
508 921 140 30 Zurück-
661 921 69 29 und
742 919 327 32 Voraus-Denkens
1081 919 57 30 des
1149 918 197 32 Beschauers
1355 919 94 30 hätte
1461 919 108 37 gelten

182 969 117 36 lassen,
320 967 52 30 bei
393 966 75 31 dem
488 966 77 30 aber
584 963 132 41 heutige
736 964 222 39 Betrachtung
976 981 44 4 —
1037 963 37 29 in
1092 956 319 46 Übereinstimmung
1429 963 62 29 mit
1512 963 55 30 der

183 1012 114 31 Praxis
316 1012 56 29 des
392 1010 127 31 Barock
536 1026 42 5 —
594 1009 71 30 eine
684 1010 130 38 Lösung
832 1008 102 30 durch
952 1006 337 41 Veranschaulichung
1305 1007 110 29 beider
1436 1007 132 28 Stadien

182 1059 53 29 für
248 1056 138 41 möglich
398 1054 113 31 halten
524 1054 73 29 darf
610 1053 68 30 und
692 1063 83 19 zwar
788 1053 58 29 auf
858 1053 76 28 dem
944 1051 99 40 Wege
1057 1052 56 28 der
1125 1050 231 32 Assimilation.
1370 1052 53 28 Im
1437 1050 131 29 Grunde

183 1101 141 31 nämlich
352 1101 88 29 kann
466 1098 116 31 immer
608 1107 62 21 nur
698 1096 214 32 menschliche
939 1096 100 30 Form
1063 1095 124 31 neben
1212 1094 209 41 pflanzlicher
1446 1094 124 39 gezeigt

183 1146 138 36 werden,
342 1146 68 28 und
430 1143 82 31 auch
531 1143 52 29 ihr
603 1142 170 39 möglichst
792 1142 236 30 caesurenloses
1046 1139 335 36 Aneinanderrücken,
1400 1139 52 30 die
1471 1140 85 34 „Ver­

184 1190 219 40 schleierung“
420 1188 57 31 der
492 1181 201 46 Übergänge,
707 1187 69 29 ruft
792 1196 43 20 an
849 1185 69 30 sich
931 1186 85 29 noch
1031 1184 94 31 keine
1138 1183 205 39 Vorstellung
1357 1184 57 29 der
1427 1193 129 19 momen­

184 1237 100 29 tanen
304 1232 237 40 Verwandlung
560 1232 129 34 hervor,
709 1231 60 29 wie
789 1239 79 21 man
888 1230 73 29 sehr
980 1232 61 36 gut
1062 1238 42 20 an
1125 1229 64 29 den
1208 1227 134 31 antiken
1361 1226 70 31 und
1449 1227 108 30 mittel­

185 1278 188 32 alterlichen
391 1276 248 40 Darstehungen
656 1275 163 29 erkennen
836 1275 100 29 kann.
954 1274 69 29 Der
1041 1273 168 29 Eindruck
1225 1272 188 40 plötzlicher
1430 1271 71 29 und
1516 1281 42 19 zu­

186 1324 103 39 gleich
304 1320 244 40 „organischer“
564 1319 235 39 Verwandlung
812 1318 88 30 kann
912 1316 157 31 vielmehr
1081 1326 61 20 nur
1156 1315 145 31 dadurch
1312 1315 109 30 erzielt
1434 1314 138 36 werden,

187 1369 65 29 daß
280 1367 56 31 der
363 1365 181 31 Beschauer
570 1363 234 30 unwillkürlich
830 1362 53 30 die
908 1361 215 30 menschliche
1147 1360 100 39 Figur
1273 1360 56 29 der
1353 1358 207 31 Wachstums­

186 1411 151 40 richtung
359 1410 55 29 des
437 1409 141 30 Baumes
598 1407 193 30 assimiliert.
814 1406 77 30 Dies
912 1404 164 40 geschieht
1096 1404 137 39 weniger
1254 1404 156 34 dadurch,
1431 1403 65 29 daß
1516 1402 53 30 die

186 1458 136 28 unteren
341 1453 201 39 Körperteile
558 1451 142 31 Wurzel-
721 1451 68 28 und
808 1449 297 31 Stammcharakter
1120 1448 146 29 erhalten
1281 1464 42 4 —
1338 1448 86 28 denn
1439 1456 58 19 um
1512 1447 56 28 der

188 1499 183 31 deutlichen
393 1495 336 41 Veranschaulichung
749 1495 57 29 des
829 1492 296 39 „Noch-Fliehens“
1147 1492 106 29 willen
1274 1492 103 38 geben
1398 1490 52 31 die
1471 1491 99 29 Maler

186 1544 74 30 sehr
272 1542 49 30 oft
334 1542 51 30 die
399 1541 98 31 Beine
509 1540 84 30 noch
605 1538 242 32 unverwandelt
858 1555 52 18 —,
923 1538 47 29 als
981 1537 157 35 dadurch,
1150 1537 66 28 daß
1226 1536 52 30 die
1287 1534 284 40 hochgeworfenen

187 1589 98 30 Arme
302 1587 69 29 und
389 1585 116 31 Hände
523 1584 75 30 Ast-
615 1583 69 31 und
701 1582 263 30 Laubcharakter
981 1580 155 31 erhalten.
1154 1581 62 29 Die
1232 1578 219 41 konsequente
1467 1577 91 29 Beob­

187 1631 142 41 achtung
341 1631 102 29 dieses
455 1627 233 31 Kunstmittels
698 1627 44 29 ist
752 1624 314 41 begreiflicherweise
1076 1624 70 29 eine
1157 1622 132 41 jüngere
1299 1621 274 40 Errungenschaft

187 1678 48 31 als
260 1675 51 31 die
336 1675 75 31 weit
436 1673 138 40 weniger
597 1671 222 41 komplizierte
843 1670 57 30 der
925 1668 245 41 „günstigsten“
1196 1667 208 41 Darstellung
1426 1666 147 39 Apollos;

188 1724 52 29 ein
255 1721 92 30 Blick
361 1720 58 30 auf
431 1719 51 30 die
496 1718 134 30 reifsten
643 1716 171 40 Lösungen
827 1715 57 31 der
898 1715 103 29 Reihe
1014 1713 57 31 der
1086 1711 303 37 „transitorischen“
1403 1710 171 40 Lösungen

188 1765 84 41 zeigt
283 1765 126 39 jedoch,
421 1763 64 30 daß
496 1763 35 29 in
542 1763 56 29 der
608 1762 63 30 Tat
683 1761 103 29 durch
796 1760 45 30 sie
852 1759 90 39 jenes
954 1758 120 30 Gefühl
1084 1756 244 41 „organischer“
1339 1755 236 38 Verwandlung

188 1812 130 38 erzeugt
334 1808 91 36 wird,
442 1807 58 30 das
517 1816 96 20 unser
629 1804 198 40 Empfinden
843 1803 77 30 oder
934 1802 110 31 besser
1059 1805 112 35 gesagt
1186 1801 70 30 eine
1271 1798 188 41 kongeniale
1475 1798 100 30 Ovid-

191 1852 252 43 Interpretation
462 1851 150 38 verlangt
632 1850 69 30 und
722 1850 59 29 das
802 1848 58 30 auf
880 1846 243 31 anschaulicher
1141 1845 231 39 Angleichung,
1392 1843 106 31 damit
1517 1843 58 29 auf

190 1899 104 31 einem
313 1899 217 28 momentan
547 1892 304 32 funktionierenden
856 1892 12 17 1
869 1892 11 38 )
900 1891 220 30 ästhetischen
1136 1889 176 31 Verhalten
1327 1888 129 30 beruht.

271 1942 103 30 Wenn
389 1950 77 22 man
481 1950 69 19 nun
564 1939 84 30 nach
663 1936 249 41 Darstellungen
927 1936 57 29 der
999 1935 100 30 Fabel
1113 1933 166 31 Umschau
1291 1933 83 35 hält,
1387 1932 55 29 für
1456 1930 52 30 die
1523 1931 52 29 die

190 1988 69 30 hier
276 1986 166 30 skizzierte
461 1983 285 37 „transitorische“
764 1981 131 39 Lösung
911 1980 91 30 nicht
1020 1979 138 36 zutrifft,
1176 1988 36 21 so
1229 1977 82 31 wird
1326 1986 77 20 man
1420 1985 82 30 ganz
1517 1984 45 20 na­

191 2031 118 31 türlich
328 2030 155 30 zunächst
502 2029 58 30 auf
578 2028 58 30 das
655 2026 187 31 Mittelalter
859 2024 166 39 gewiesen.
1045 2024 75 29 Ihm
1135 2021 180 41 gegenüber
1331 2021 81 29 wird
1430 2028 77 20 man
1523 2019 53 30 die

193 2075 186 40 Forderung
400 2074 84 30 nach
509 2071 284 41 Gleichzeitigkeit,
816 2079 57 29 gar
894 2069 88 30 einer
1003 2067 222 40 zugespitzten
1246 2063 275 41 Gleichzeitigkeit
1540 2063 36 29 in

195 2121 56 29 der
272 2118 206 40 Darstellung
505 2117 56 30 des
586 2115 119 31 Stoffes
725 2125 66 20 von
812 2113 193 31 vornherein
1025 2112 91 31 nicht
1137 2110 115 31 stellen
1271 2109 125 36 wollen,
1422 2107 155 31 vielmehr

194 2165 53 30 ein
273 2161 329 32 diskontinuierliches
628 2157 313 33 Aneinanderreihen
965 2167 67 19 von
1058 2154 137 31 statisch
1219 2153 209 41 aufgefaßten
1454 2151 124 30 Szenen

194 2210 157 29 erwarten
371 2206 139 36 können,
529 2208 84 27 etwa
633 2204 34 30 in
688 2204 57 29 der
765 2203 71 36 Art,
858 2202 66 29 daß
944 2202 60 29 das
1023 2199 174 31 Erblicken
1217 2199 56 30 der
1296 2196 160 40 Jungfrau
1475 2195 103 29 durch

196 2251 125 41 Apollo,
333 2251 70 29 ihre
416 2250 127 36 Flucht,
554 2250 53 29 ihr
619 2247 203 32 Verwandelt
828 2246 96 35 sein,
936 2245 135 39 Apollos
1082 2244 103 38 Klage
1196 2252 59 21 um
1265 2241 47 30 sie
1322 2240 256 30 nebeneinander

195 2296 123 31 erzählt
337 2295 136 29 werden.
494 2295 40 28 In
552 2294 56 29 der
627 2293 62 30 Tat
708 2291 127 31 werden
853 2290 59 29 wir
930 2290 59 29 auf
1006 2289 106 31 solche
1130 2285 285 41 Formulierungen
1431 2284 85 30 noch
1532 2283 48 29 im

201 2340 235 40 Quattrocento
455 2338 125 35 stoßen,
600 2338 35 38 ja
654 2337 138 28 darüber
811 2335 117 30 hinaus
945 2335 53 28 ihr
1017 2331 214 33 Weiterleben
1249 2330 35 29 in
1303 2329 57 30 der
1379 2327 201 31 Illustration

196 2403 42 4 —
255 2384 67 31 und
340 2382 194 31 natürlich
552 2381 74 31 dort
644 2398 41 4 —
702 2390 41 20 zu
759 2379 164 40 verfolgen
939 2378 120 29 haben.
1077 2375 157 31 Dennoch
1250 2373 71 39 gibt
1338 2382 35 21 es
1389 2371 91 31 nicht
1496 2370 82 30 viele

197 2428 247 40 Darstellungen
457 2427 100 29 dieser
571 2426 72 35 Art,
656 2425 51 29 die
719 2425 91 29 nicht
824 2423 83 30 doch
920 2423 100 29 schon
1033 2429 77 22 vom
1123 2416 305 39 „transitorischen“
1443 2416 136 28 Denken

280 2498 26 32 i)
320 2498 117 24 Hierbei
450 2496 39 24 ist
503 2494 141 26 natürlich
658 2494 156 30 abgesehen
827 2500 58 17 von
900 2492 50 23 der
964 2488 294 35 physiologischen
1271 2484 243 34 Blickbewegung,
1529 2484 50 23 der

198 2533 228 33 Notwendigkeit
440 2531 50 25 des
505 2529 266 30 „Zeitverbrauchs“
786 2528 77 25 beim
877 2528 122 23 Ablesen
1012 2527 50 24 des
1075 2523 183 34 Bildganzen,
1273 2522 46 23 die
1332 2522 32 30 ja
1376 2520 67 24 aber
1456 2519 47 24 für
1515 2518 64 32 jede

198 2567 294 36 optisch-ästhetische
510 2564 158 26 Aufnahme
685 2564 51 31 gilt
752 2565 59 23 und
826 2563 61 24 hier
903 2563 81 23 nicht
999 2561 120 25 erörtert
1134 2558 111 25 werden
1261 2556 60 24 soll.
