2409 3159
845 337 41 37 38
1412 345 373 26 Poussin-Maratta-Bellori:
1805 346 210 25 Klassizistische
2035 349 182 31 Komposition

846 406 92 29 Ruhe
958 406 67 28 und
1039 414 80 28 ganz
1134 405 100 38 gewiß
1251 407 81 28 auch
1347 407 259 31 entscheidender
1622 409 149 28 formaler
1787 407 189 40 Bedeutung
1992 410 44 27 im
2054 410 93 29 Sinne
2163 410 55 29 des

842 448 241 38 rhythmischen
1118 448 237 41 Gleichklanges
1388 451 65 28 und
1481 451 54 28 der
1563 453 181 36 zyklischen
1775 451 188 40 Schließung
1991 453 54 28 des
2075 453 144 30 Gesamt-

844 492 146 30 aufbaus.
1007 493 44 28 Es
1064 493 43 28 ist
1127 496 57 34 gut
1200 502 62 20 von
1278 494 67 28 hier
1360 503 57 19 aus
1433 495 55 28 auf
1503 494 57 31 das
1576 496 278 28 Famesinofresko
1872 495 93 38 (Abb.
1979 495 50 38 20)
2046 497 159 29 zurückzu­

843 535 140 31 blicken:
998 536 90 28 Auch
1102 536 72 28 dort
1187 546 64 19 war
1263 537 33 38 ja
1309 538 97 28 schon
1419 538 57 28 das
1491 538 107 30 Ganze
1611 541 33 27 in
1657 540 196 28 Landschaft
1866 538 153 39 gebettet,
2033 549 104 19 waren
2149 540 68 29 eine

842 588 98 30 ganze
958 581 110 36 Menge
1085 579 262 40 Flußgottheiten
1363 591 152 28 zugegen;
1533 582 257 38 kompositioneil
1805 583 67 28 und
1887 582 44 30 im
1948 583 107 28 Detail
2069 583 42 28 ist
2127 592 91 29 sogar

844 623 150 30 mancher
1014 624 67 37 Zug
1101 633 63 19 von
1186 624 150 29 Poussins
1359 625 147 37 Spätbild
1526 626 241 38 vorgezeichnet
1790 627 69 37 (das
1879 626 177 39 Zyklische,
2079 626 140 35 Peneios,

844 667 51 30 die
921 678 76 18 vom
1024 668 132 28 Rücken
1182 668 153 38 gesehene
1362 668 178 38 Nymphe);
1569 671 76 28 aber
1673 671 73 28 dort
1773 671 101 28 bleibt
1901 670 51 30 ein
1979 670 239 29 Widerstreit

843 711 154 30 zwischen
1019 712 54 28 der
1092 712 110 28 lauten
1224 712 354 39 „Hauptdarstellung“
1600 715 68 27 und
1689 715 55 28 der
1764 715 64 28 fast
1850 713 229 40 unbeteiligten
2100 714 106 38 Beglei­

842 757 91 37 tung,
953 756 69 27 hier
1041 756 43 28 ist
1105 755 57 29 das
1182 755 89 29 Leise
1291 756 99 28 selbst
1411 766 73 18 zum
1503 757 123 30 Thema
1645 759 176 36 geworden.

924 799 72 29 Daß
1011 809 76 18 vom
1099 799 99 29 reifen
1214 800 133 28 Poussin
1362 800 178 38 prinzipiell
1553 801 50 29 die
1614 802 129 28 Einheit
1759 803 55 27 der
1827 802 69 28 Zeit
1914 802 101 38 (wenn
2030 802 82 30 auch
2127 804 92 26 unter

844 842 190 38 Benutzung
1058 842 195 31 sukzessiver
1276 844 158 28 Momente
1456 844 55 28 der
1532 843 203 40 Dichtung)
1759 846 114 28 wieder
1893 845 183 40 hergestellt
2096 846 53 34 ist,
2177 845 42 28 ist

844 895 63 20 von
929 886 214 29 wesentlicher
1159 886 188 38 Bedeutung
1362 887 52 28 für
1430 888 50 27 die
1497 887 167 39 Folgezeit.
1689 890 92 28 Denn
1798 890 57 28 das
1871 889 167 31 berühmte
2056 890 73 29 Bild
2145 889 74 29 Ma-

842 939 14 18 r
863 940 19 19 a
887 933 34 26 11
928 940 19 18 a
952 940 14 18 s
976 931 92 37 (Abb.
1077 930 50 37 46)
1136 929 11 17 x
1150 929 21 38 ),
1191 930 73 29 dem
1277 931 117 28 Beilori
1405 931 90 28 einen
1507 931 130 39 eigenen
1646 933 210 28 Kommentar
1867 933 168 38 gewidmet
2044 934 65 29 und
2117 933 101 30 damit

842 974 46 28 im
905 974 94 29 Sinne
1016 975 54 27 des
1087 973 225 30 Klassizismus
1328 975 50 27 die
1394 974 311 30 kunsttheoretische
1720 976 109 28 Weihe
1844 976 138 39 gegeben
1998 978 66 34 hat,
2080 978 57 28 hat
2153 977 66 29 sich

843 1017 51 29 bei
912 1018 77 28 aller
1008 1017 278 30 Verschiedenheit
1306 1018 81 28 doch
1406 1027 40 19 an
1465 1018 100 30 dieses
1586 1019 114 28 Gesetz
1718 1020 161 36 gehalten;
1899 1021 66 28 und
1983 1031 83 19 zwar
2084 1020 134 30 schließt

842 1070 35 19 er
901 1061 67 29 sich
993 1060 177 38 prinzipiell
1195 1069 41 20 an
1262 1061 50 28 die
1338 1061 441 38 Chatsworth-Komposition
1805 1063 150 30 Poussins
1982 1064 92 38 (Abb.
2088 1063 51 38 44)
2167 1074 51 18 an.

844 1105 69 29 Wie
937 1105 73 28 dort
1030 1105 42 27 ist
1093 1104 57 28 das
1169 1103 237 29 transitorische
1428 1105 139 29 Moment
1588 1106 154 34 bewahrt,
1769 1107 32 36 ja
1822 1109 93 27 unter
1934 1107 287 39 Wiederbetonung

845 1148 54 29 des
919 1147 386 35 Verwandeltwerdens;
1326 1148 57 28 wie
1403 1148 73 28 dort
1496 1147 150 31 entflieht
1667 1150 98 28 Amor
1784 1150 266 38 triumphierend;
2071 1161 57 19 wie
2149 1152 71 27 dort

843 1191 72 29 sind
930 1192 51 27 die
998 1190 262 39 Flußgottheiten
1279 1191 62 37 (ein
1357 1192 197 29 männlicher
1569 1194 43 27 ist
1628 1193 80 38 jetzt
1726 1193 103 35 dabei,
1846 1203 64 20 was
1926 1195 68 29 eine
2010 1196 113 28 leichte
2141 1195 67 28 Kor­

841 1235 111 28 rektur
975 1244 41 19 an
1030 1234 134 29 Poussin
1184 1234 45 28 im
1245 1234 94 29 Sinne
1355 1235 54 28 des
1424 1235 190 31 Ovidtextes
1635 1237 157 38 darstellt)
1816 1247 80 24 ,,con
1910 1239 170 37 ingegnoso
2094 1247 127 21 anacro-

841 1277 125 30 nismo“
985 1277 140 38 (Beilori)
1142 1278 125 38 Zeugen
1283 1278 55 29 des
1354 1279 174 38 Vorgangs,
1545 1280 61 29 den
1623 1281 44 28 sie
1684 1281 90 28 mehr
1790 1282 75 27 oder
1881 1282 135 38 weniger
2031 1282 122 38 bewegt
2169 1282 39 28 be­

842 1322 158 34 trachten,
1026 1321 199 39 gleichzeitig
1251 1323 81 28 doch
1358 1323 141 29 deutlich
1525 1324 46 29 als
1598 1325 132 28 Peneios
1756 1326 245 38 untergeordnet
2028 1326 192 29 bezeichnet.

842 1365 60 29 Die
923 1365 95 38 Züge,
1040 1365 50 28 die
1112 1365 117 29 Bellori
1248 1367 33 27 in
1301 1366 119 29 seinem
1440 1366 136 31 Traktat
1597 1369 48 28 als
1665 1369 312 39 außergewöhnliche
1998 1371 66 28 und
2083 1370 126 29 vorbild­

841 1409 82 29 liche
947 1409 153 38 Leistung
1122 1410 33 27 in
1178 1410 157 29 Marattas
1358 1411 75 28 Bild
1454 1411 120 35 rühmt,
1598 1413 102 28 wobei
1722 1413 115 37 gerade
1860 1413 84 30 seine
1967 1413 255 39 Abweichungen

843 1462 63 20 von
920 1452 83 30 Ovid
1016 1454 33 27 in
1061 1453 103 28 einem
1175 1453 205 35 besonderen,
1393 1455 52 28 für
1457 1455 50 29 die
1521 1456 197 29 Erkenntnis
1730 1457 56 28 der
1799 1457 266 30 klassizistischen
2074 1453 149 34 Ästhetik

842 1496 114 30 höchst
985 1497 195 29 lehrreichen
1207 1498 173 29 Abschnitt
1409 1499 182 39 aufgezählt
1622 1501 66 28 und
1714 1501 143 38 gebilligt
1893 1502 123 29 werden
2053 1502 91 38 (Text
2164 1502 56 37 II),

843 1540 125 30 werden
981 1541 66 28 also
1063 1541 33 28 in
1108 1541 55 28 der
1175 1541 207 40 Hauptsache
1395 1543 97 29 schon
1505 1544 135 29 Poussin
1652 1545 169 28 verdankt.
1836 1546 37 27 In
1886 1546 60 29 den
1959 1546 262 30 Einzelheiten

838 1585 44 30 ist
898 1587 122 28 freilich
1037 1587 140 28 Maratta
1192 1596 64 20 von
1273 1588 133 28 Poussin
1422 1588 237 39 einigermaßen
1676 1590 213 37 unabhängig,
1906 1591 94 28 dafür
2016 1591 76 28 aber
2107 1608 40 3 ■—
2162 1592 58 27 wie

841 1629 50 30 bei
909 1631 129 34 diesem,
1056 1641 75 18 man
1149 1631 127 29 möchte
1293 1632 144 37 paradox
1452 1641 110 29 sagen:
1580 1633 145 37 genialen
1742 1634 187 29 Eklektiker
1946 1635 87 28 nicht
2052 1635 113 28 anders
2182 1645 39 18 zu

839 1676 157 27 erwarten
1016 1692 41 2 —
1076 1675 132 29 anderer
1229 1676 166 28 Tradition
1416 1676 135 29 vielfach
1574 1678 219 36 verpflichtet:
1816 1679 59 27 Die
1898 1678 248 39 Rückwendung
2167 1680 54 27 der

841 1718 136 38 Daphne
995 1719 76 37 geht
1090 1719 57 28 auf
1165 1719 56 29 das
1240 1720 278 28 Farnesinafresko
1537 1720 130 35 zurück,
1686 1722 44 27 im
1747 1722 115 37 Apollo
1880 1722 104 29 steckt
2003 1723 56 28 der
2077 1723 145 28 belvede-

839 1762 109 29 resche
969 1762 78 38 (und
1064 1772 83 19 zwar
1164 1772 33 19 er
1215 1764 97 28 selbst
1332 1764 89 28 mehr
1439 1764 47 29 als
1504 1765 147 28 Berninis
1669 1766 223 37 Umformung,
1912 1767 189 37 wenigstens
2117 1767 32 28 in
2168 1767 55 28 der

842 1806 145 38 Haltung
1010 1806 109 29 beider
1142 1806 120 39 Arme),
1288 1807 50 28 die
1362 1808 84 28 links
1469 1808 159 39 gelagerte
1652 1810 150 37 Nymphe
1827 1812 134 27 stammt
1986 1820 63 19 von
2073 1811 55 28 der
2155 1811 54 28 Six­

840 1849 159 29 tinischen
1017 1851 107 28 Decke
1145 1851 83 38 (Eva
1247 1852 54 28 des
1322 1851 224 38 Sündenfalls).

921 1895 59 27 Die
994 1895 169 37 Lösungen
1180 1895 150 29 Poussins
1345 1896 67 28 und
1427 1896 156 29 Marattas
1598 1897 105 28 haben
1718 1898 32 27 in
1767 1898 193 29 Frankreich
1977 1899 66 28 und
2057 1899 31 28 in
2105 1899 117 29 Italien

839 1937 100 29 breite
959 1939 174 37 Nachfolge
1152 1939 170 39 gefunden,
1343 1940 50 28 die
1413 1940 76 28 aber
1508 1940 183 30 schwerlich
1710 1942 68 28 eine
1798 1951 154 29 genauere
1972 1943 250 38 Beschäftigung

923 2027 23 30 1)
961 2027 56 22 Für
1034 2027 115 30 Ludwig
1160 2028 76 23 XIV.
1253 2028 103 30 gemalt
1382 2029 55 22 und
1453 2029 65 29 1687
1537 2029 52 23 mit
1602 2037 69 22 3000
1684 2030 82 22 livres
1780 2031 71 22 nach
1866 2031 71 23 Rom
1951 2032 118 26 bezahlt,
2085 2032 52 23 seit
2153 2032 65 31 1803

840 2061 29 23 in
885 2062 109 22 Brüssel
1012 2062 40 29 (F.
1065 2063 154 30 Engerand,
1238 2064 158 22 Inventaire
1412 2064 48 22 des
1481 2064 133 24 tableaux
1630 2066 37 22 du
1684 2066 62 29 Roy
1759 2084 4 3 .
1778 2084 5 4 .
1798 2085 4 3 .
1815 2065 77 23 Paris
1910 2067 74 27 1899,
2003 2067 78 30 54!.).
2100 2068 35 22 H.
2148 2068 70 27 Voß,

841 2096 53 24 Die
908 2097 112 22 Malerei
1033 2097 48 23 des
1096 2098 108 23 Barock
1217 2099 30 22 in
1262 2100 80 25 Rom,
1359 2099 92 23 Berlin
1472 2106 25 16 o.
1512 2100 25 29 J.
1556 2101 25 22 S.
1595 2107 59 23 597,
1670 2101 71 22 Abb.
1756 2101 26 22 S.
1795 2108 58 22 344.
1870 2100 132 24 Teilstich
2017 2110 56 15 von
2088 2103 43 23 Fr.
2145 2103 73 28 Bolt,

843 2132 74 30 1798.
934 2133 44 21 Im
991 2133 124 29 Original
1127 2133 68 23 wird
1216 2135 49 22 das
1279 2134 207 23 transitorische
1501 2134 128 24 Element
1643 2136 86 23 durch
1743 2136 49 22 das
1807 2136 82 22 kühle
1905 2137 110 22 Kolorit
2029 2138 133 23 merklich
2176 2145 32 23 ge­

840 2167 119 23 mildert.
980 2181 36 3 —-
1034 2168 293 31 Merkwürdigerweise
1353 2169 61 30 gibt
1434 2169 91 30 Bailly
1547 2177 66 23 1709
1634 2171 60 23 eine
1714 2171 152 30 Erhöhung
1886 2172 56 23 und
1964 2173 189 31 Erweiterung
2173 2174 47 23 des

841 2202 93 23 Bildes
948 2210 44 19 an,
1008 2203 50 22 das
1071 2203 29 22 in
1114 2203 48 22 der
1175 2204 54 23 Tat
1250 2205 38 22 im
1303 2205 133 22 Inventar
1451 2204 112 24 PaiUets
1577 2214 56 15 von
1650 2208 65 27 1695
1731 2207 51 21 mit
1796 2207 54 22 den
1864 2208 202 30 entsprechend
2080 2208 140 25 kleineren

840 2237 102 24 Maßen
960 2239 135 28 166x174
1106 2245 44 15 cm
1167 2238 81 31 (statt
1269 2239 51 23 wie
1334 2240 83 22 heute
1433 2239 146 31 205x229)
1597 2241 149 27 erscheint;
1763 2242 71 22 doch
1850 2243 71 22 setzt
1936 2243 86 23 schon
2039 2243 114 24 Belloris
2168 2244 39 23 Be­

838 2271 174 31 schreibung,
1029 2273 45 23 die
1089 2273 72 22 doch
1175 2273 167 24 vermutlich
1367 2275 67 23 1680
1448 2275 30 22 in
1494 2276 80 26 Rom,
1591 2278 157 28 spätestens
1762 2284 51 15 vor
1831 2278 67 27 1696
1915 2278 128 30 (Belloris
2057 2278 161 32 Todesjahr)

840 2306 169 25 entstanden
1025 2308 45 26 ist,
1090 2309 50 22 das
1158 2309 62 23 Bild
1239 2310 29 22 in
1286 2310 47 22 der
1358 2310 131 29 heutigen
1507 2311 189 30 Ausdehnung
1713 2319 109 19 voraus,
1842 2313 57 22 und
1918 2321 50 15 vor
1986 2314 82 22 allem
2085 2314 72 30 zeigt
2175 2314 43 24 die

841 2342 150 24 Leinwand
1006 2344 84 22 heute
1104 2344 130 23 keinerlei
1251 2346 106 29 Spuren
1379 2345 74 23 einer
1468 2346 191 30 Anstückung.
1678 2347 85 23 Sollte
1779 2348 135 23 zwischen
1932 2350 65 28 1695
2014 2350 57 22 und
2090 2357 9 14 I
2105 2357 49 22 7°9
2171 2349 48 24 der

840 2377 216 31 entsprechende
1071 2379 58 22 Teil
1145 2380 48 22 der
1208 2380 149 22 Leinwand
1381 2380 59 29 (aus
1455 2380 220 25 künstlerischen
1692 2382 131 23 Gründen
1833 2383 21 30 ?)
1872 2383 210 31 umgeschlagen
2096 2390 121 24 gewesen

843 2412 58 23 sein
911 2413 9 23 ?
936 2413 215 24 Vorbereitende
1164 2414 192 30 Zeichnungen
1376 2415 29 23 in
1417 2416 138 23 München
1571 2418 81 29 (Abb.
1664 2418 45 22 bei
1723 2418 86 23 Bredt
1823 2426 24 15 a.
1860 2426 24 15 a.
1897 2419 31 23 O.
1944 2420 13 22 I
1970 2419 51 30 ,32)
2038 2419 55 23 und
2108 2419 98 24 Düssel­

846 2447 62 23 dorf
924 2448 80 31 (Abb.
1021 2449 45 23 bei
1090 2450 24 29 J.
1127 2450 106 27 Budde,
1249 2451 28 22 Z.
1293 2450 18 22 f.
1328 2451 25 22 b.
1372 2451 34 22 K.
1425 2451 120 30 1927/28,
1564 2453 25 22 S.
1603 2460 33 22 37
1651 2453 57 22 und
1723 2453 38 22 im
1776 2454 111 22 Beschr.
1901 2455 64 22 Kat.
1977 2455 25 22 d.
2016 2453 167 25 Handzeich.
2200 2455 17 22 i.

843 2482 26 23 d.
886 2484 39 22 St.
942 2483 137 24 Kunstak.
1102 2485 160 23 Düsseldorf
1277 2492 74 23 1930,
1365 2486 48 22 Nr.
1428 2487 56 28 167,
1499 2486 58 24 Taf.
1571 2488 43 30 27)
1630 2488 101 29 zeigen,
1746 2489 54 22 daß
1814 2488 190 32 ursprünglich
2019 2489 80 30 (etwa
2112 2490 49 22 wie
2174 2490 44 23 bei

843 2516 124 33 Cignani)
988 2519 113 24 Peneios
1120 2520 116 31 Daphne
1253 2528 56 16 von
1326 2521 91 23 rechts
1435 2521 167 25 aufnehmen
1620 2523 88 23 sollte.
