2464 3159
215 384 57 21 Zur
285 380 151 26 ovidischen
449 379 124 30 Fassung

1548 365 41 37 65

217 454 40 18 zu
286 443 139 30 nehmen
449 442 66 29 und
541 444 98 25 statt
667 439 102 29 ihrer
794 438 63 29 den
885 436 139 30 Lorbeer
1050 434 262 41 hervorsprießen
1332 447 40 18 zu
1391 436 114 34 lassen,
1527 435 65 29 und

219 488 143 28 wirklich
386 486 89 29 heißt
495 495 32 19 es
551 484 63 28 fast
638 481 166 40 allgemein
821 490 35 19 so
872 481 32 28 in
928 480 61 29 den
1013 480 145 29 zitierten
1177 479 121 30 Texten
1315 480 55 28 der
1386 478 207 31 arkadischen

220 531 140 30 Version.
364 531 12 17 1
377 532 9 36 )

300 578 153 29 Dennoch
474 578 43 27 ist
539 575 52 29 die
609 571 275 41 Verwandlung
900 571 57 30 der
974 570 135 38 Daphne
1126 569 51 31 ein
1196 570 111 35 Motiv,
1324 571 59 28 das
1399 570 108 30 früher
1525 580 57 19 vor­

220 623 123 30 kommt
361 623 47 28 als
427 621 51 29 bei
495 619 97 30 Ovid:
610 617 140 30 nämlich
767 616 32 29 in
816 615 57 29 der
890 614 130 30 Version
1037 614 57 29 der
1112 613 88 39 Sage,
1218 614 51 29 die
1285 614 33 29 in
1336 614 189 29 Lakonien
1543 623 38 19 zu­

220 668 98 28 hause
336 667 52 28 ist.
392 666 12 17 2
406 667 8 35 )
437 665 72 28 Ihre
528 662 114 29 älteste
662 658 203 40 Erwähnung
884 657 102 30 findet
1005 657 67 29 sich
1092 657 51 28 bei
1164 656 150 31 Plutarch
1333 658 75 36 Agis
1421 657 58 32 IX,
1494 666 27 24 2,
1541 657 55 27 der

221 711 67 28 sich
302 711 57 27 auf
372 707 158 39 Phylarch
544 704 135 33 bezieht,
694 703 106 29 ferner
812 702 53 29 bei
879 700 189 31 Parthenios
1081 700 90 29 Erot.
1185 700 62 29 XV
1261 704 92 25 unter
1367 700 162 38 Berufung
1542 700 56 27 auf

221 754 159 37 Phylarch
404 751 66 29 und
492 749 93 29 einen
609 757 60 19 uns
693 748 89 28 nicht
808 745 184 30 bekannten
1016 743 157 30 Diodoros
1197 753 63 19 von
1285 744 88 29 Elea.
1399 744 133 37 Daphne
1555 743 41 28 ist

220 799 69 27 hier
307 796 51 29 die
379 795 135 28 Tochter
533 792 56 29 der
608 791 170 38 Amyklas;
800 799 55 19 um
873 788 45 29 sie
939 787 134 30 bewirbt
1093 788 67 28 sich
1181 787 102 29 neben
1304 787 94 37 Apoll
1417 787 81 28 noch
1519 786 78 29 Leu-

222 840 123 39 kippos,
366 838 56 29 der
443 837 85 29 Sohn
548 836 56 28 des
624 833 183 36 Oinomaos,
828 833 66 29 und
913 832 84 30 ihrer
1017 830 191 39 Verfolgung
1227 830 74 38 geht
1322 831 50 27 die
1392 828 206 40 hinterlistige

222 881 305 38 Beiseiteschaffung
541 880 55 29 des
611 876 243 32 Nebenbuhlers
868 876 100 29 durch
983 875 61 30 den
1062 875 78 28 Gott
1156 883 115 21 voraus
1288 874 46 37 (so
1348 874 51 27 bei
1414 872 185 30 Parthenios

221 928 65 28 und
305 925 173 29 Pausanias
491 923 93 35 VIII,
598 932 48 25 20,
663 922 53 30 bei
732 922 75 29 dem
823 920 115 39 jedoch
954 919 51 29 die
1023 918 181 39 Erzählung
1220 918 56 29 der
1294 916 190 38 Verfolgung
1500 915 98 30 durch

222 970 95 39 Apoll
328 969 91 29 fehlt.
422 969 12 17 3
435 969 23 36 ))
474 962 88 35 Über
574 967 62 28 den
651 965 144 31 Urheber
809 965 56 29 der
878 962 232 40 Verwandlung
1122 962 149 39 schweigt
1287 960 159 36 Plutarch,
1461 959 138 38 dagegen

221 1017 99 27 nennt
339 1012 197 35 Parthenios,
555 1011 74 28 dem
647 1010 123 30 Probus
791 1019 40 20 zu
848 1007 91 39 Verg.
952 1008 57 29 ecl.
1023 1015 28 29 3,
1066 1007 37 28 62
1121 1006 89 38 folgt,
1230 1006 91 29 Zeus
1339 1006 46 27 als
1402 1003 196 39 denjenigen,

222 1069 41 19 an
281 1058 63 29 den
362 1057 136 38 Daphne
515 1056 33 29 in
565 1056 86 27 ihrer
669 1054 65 29 Not
752 1054 51 29 ihr
822 1051 103 31 Gebet
943 1050 127 31 richtet.

304 1106 44 29 Es
375 1105 102 38 ergibt
505 1104 67 29 sich
600 1103 76 34 also,
702 1103 63 29 daß
795 1101 84 29 Ovid
902 1100 46 29 als
971 1101 108 33 erster,
1104 1098 66 29 und
1193 1098 59 29 mit
1276 1097 77 29 aller
1378 1096 142 29 Klarheit
1545 1104 57 19 aus

225 1149 254 31 künstlerischen
510 1147 161 35 Gründen,
701 1147 89 29 nicht
826 1155 61 20 nur
914 1144 51 29 die
996 1140 246 39 „thessalische“
1273 1141 130 30 Version
1438 1139 163 34 erfunden,

225 1204 83 29 resp.
336 1204 57 18 aus
417 1193 58 28 der
502 1190 252 37 „arkadischen“
782 1188 194 36 entwickelt,
1002 1187 138 30 sondern
1166 1185 82 32 auch
1274 1184 59 30 das
1358 1185 52 28 für
1441 1183 56 28 ihn
1523 1191 79 29 ganz

227 1240 66 29 und
320 1248 56 28 gar
402 1236 247 31 entscheidende
678 1235 102 28 Motiv
809 1233 56 29 der
893 1231 241 39 Verwandlung,
1164 1229 57 29 das
1248 1230 31 28 in
1310 1229 56 28 der
1396 1226 207 31 arkadischen

226 1283 110 34 fehlte,
368 1291 57 20 aus
455 1282 55 27 der
540 1277 248 38 „lakonischen“
818 1276 131 30 Version
982 1277 206 27 entnommen
1216 1273 66 29 und
1314 1272 93 29 dabei
1441 1271 50 28 die
1520 1270 71 29 Voll­

226 1327 137 38 ziehung
380 1326 58 29 der
455 1322 233 39 Verwandlung
706 1321 154 39 Daphnes
879 1329 64 20 von
962 1320 81 27 Zeus
1045 1318 12 17 4
1058 1318 10 37 )
1089 1318 57 28 auf
1163 1317 63 29 den
1246 1317 97 29 Vater
1362 1315 132 30 Peneios
1512 1314 80 29 über­

227 1374 110 35 tragen
356 1370 68 29 hat.

307 1419 59 27 Die
388 1416 181 30 Aufnahme
589 1415 56 28 des
666 1410 368 42 Verwandlungsmotivs
1054 1410 95 37 ergab
1169 1413 64 25 erst
1255 1409 51 29 die
1328 1407 201 38 Möglichkeit
1550 1406 55 28 der

228 1461 195 39 Einreihung
445 1461 33 28 in
503 1460 51 28 die
578 1455 290 42 Metamorphosen,
893 1455 52 29 die
968 1454 195 37 Einsetzung
1186 1453 57 29 des
1266 1453 132 29 Peneios
1421 1451 52 28 für
1496 1448 109 30 Ladon

228 1507 50 28 die
298 1504 157 39 plausible
477 1501 230 41 Verknüpfung
727 1502 61 27 mit
809 1500 56 29 der
885 1497 279 39 vorhergehenden
1187 1497 106 33 Szene,
1315 1496 50 28 die
1385 1487 221 45 Übertragung

227 1551 56 28 der
299 1548 166 30 rettenden
483 1547 174 37 Handlung
672 1545 57 29 auf
743 1544 63 29 den
824 1542 96 30 Vater
936 1542 51 28 die
1003 1541 84 29 volle
1104 1539 279 32 Anschaulichkeit
1400 1537 55 29 des
1474 1536 132 30 Gesche-

312 1651 21 28 1)
352 1650 61 22 Von
426 1649 85 22 ihnen
525 1647 36 25 ist
577 1646 129 32 übrigens
720 1647 65 23 kein
799 1646 119 30 einziger
933 1643 185 27 vorovidisch,
1134 1649 56 16 was
1205 1641 125 31 Magnus,
1346 1641 49 23 der
1409 1639 44 24 die
1468 1638 140 23 Vertreter

229 1686 49 23 der
288 1684 178 25 lakonischen
477 1684 56 23 und
545 1682 183 24 arkadischen
739 1682 127 30 Fassung
875 1679 231 28 zusammenfaßt,
1119 1677 77 24 nicht
1208 1675 175 25 hervorhebt.
1397 1674 133 25 Dennoch
1542 1673 65 23 muß

230 1721 44 23 die
289 1719 163 25 arkadische
466 1718 115 24 Version
597 1717 40 24 als
652 1715 264 27 hochaltertümlich
930 1715 100 30 gelten,
1048 1714 56 23 und
1121 1711 87 31 gewiß
1223 1712 50 23 hat
1288 1711 73 24 Ovid
1377 1709 54 25 den
1448 1708 160 27 Gedanken,

231 1757 55 22 daß
305 1756 45 22 ein
369 1755 160 30 Flußgott
548 1753 133 30 Daphnes
699 1753 87 23 Vater
804 1759 57 15 war
879 1765 35 3 —
932 1751 48 22 der
998 1750 29 23 in
1045 1749 49 24 der
1111 1747 179 24 lakonischen
1310 1745 124 30 Fassung
1452 1744 77 22 nicht
1548 1750 50 15 vor­

233 1791 108 23 kommt
357 1805 34 2 —
406 1797 49 17 aus
471 1791 48 22 der
534 1787 182 26 arkadischen
731 1787 209 24 übernommen.
958 1785 81 23 Diese
1054 1784 51 23 hat
1120 1782 59 24 sich
1194 1783 76 23 dann
1286 1781 51 24 mit
1353 1780 97 31 großer
1466 1778 143 31 Zähigkeit

233 1825 138 28 erhalten;
384 1825 40 24 sie
436 1833 56 15 war
501 1825 32 30 ja
544 1824 72 23 auch
627 1824 30 22 in
670 1823 100 31 Syrien
782 1830 54 16 neu
849 1820 95 25 belebt
955 1819 120 24 worden.

311 1866 50 22 Die
381 1865 158 30 Fassungen
558 1864 48 22 der
624 1861 198 29 Iliasscholien,
842 1862 48 22 des
909 1860 115 24 Nonnos
1043 1859 57 23 und
1119 1858 49 23 des
1187 1854 177 34 Aphthonius
1383 1854 92 24 zitiert
1493 1852 117 31 Magnus

233 1901 26 22 S.
273 1907 49 23 205
334 1902 81 22 Anm.
428 1908 14 15 2
454 1900 57 22 und
522 1907 14 22 3
548 1898 86 23 selbst
644 1897 40 24 als
696 1897 120 31 Beispiel
826 1897 50 22 der
885 1895 64 24 Auf
955 1894 115 24 nähme
1081 1894 88 22 durch
1179 1892 44 23 die
1234 1891 85 27 Erde;
1331 1890 101 23 ebenso
1443 1889 44 22 bei
1497 1887 113 24 Tzetzes

231 1936 35 22 ad
286 1934 137 33 Lycophr.
444 1935 40 29 (S.
495 1941 51 16 200
565 1935 81 21 Anm.
659 1933 41 31 4);
720 1941 72 22 ganz
810 1931 112 23 ähnlich
943 1929 125 32 Geopon.
1080 1929 51 25 XI,
1145 1936 23 19 2,
1189 1933 42 16 wo
1249 1934 29 15 es
1297 1926 62 22 sehr
1378 1923 123 25 deutlich
1519 1922 89 23 heißt:

233 1970 82 32 <paaiv
379 1971 88 25 act&at
477 1971 35 31 rfj
520 1969 83 33 prjrpl
614 1968 51 33 rjj,
675 1967 48 26 xai
733 1977 55 16 utco
795 1976 104 24 rauTY)?
906 1963 146 36 Sex-öxjvat.
1069 1963 22 25 T
1097 1965 29 30 /je;
1134 1963 31 25 Sk
1174 1960 55 34 Tr,5
1238 1960 120 34 7izpeu{>i
1365 1959 58 26 ävr’
1433 1958 84 33 aü-rijc
1527 1956 83 34 9’jtöv

232 2005 155 35 avaSoijar,i;
400 2026 5 3 .
419 2025 4 4 .
438 2025 4 3 .
470 2006 62 22 Daß
551 2005 29 22 in
598 2003 122 32 wenigen
740 2003 88 24 dieser
846 2003 99 29 späten
966 2000 103 24 Stellen
1087 1999 44 23 die
1149 1996 161 27 arkadische
1327 1997 51 22 mit
1392 1996 48 23 der
1453 1992 159 24 ovidischen

233 2041 123 32 Fassung
373 2040 196 24 oberflächlich
587 2039 163 24 verbunden
769 2038 66 23 wird
863 2036 141 31 (Libanios
1022 2035 148 30 Progymn.
1186 2031 44 32 iC/,
1245 2029 216 29 TeubnerVIII,
1482 2035 44 23 44:
1547 2036 17 23 r;
1581 2026 30 25 8e

233 2075 111 33 cöxsrai
358 2078 35 31 rj;
407 2075 42 34 Tf)
464 2085 37 23 p.7)
514 2074 106 27 äXcövoa
638 2073 49 26 xai
706 2075 127 32 -ruxoüaa
850 2074 51 31 Trj;
918 2069 85 37 etix%
1020 2068 174 34 ä9Xv[^eTxt.
1212 2066 48 27 xal
1278 2066 33 27 xi>
1331 2076 49 22 pev
1398 2066 86 32 aüpa
1501 2062 111 32 SlvSpov

269 2121 72 17 tvsxo
355 2132 4 3 .
374 2131 4 4 .
392 2113 28 29 .),
449 2112 66 22 wird
529 2110 78 24 nicht
620 2109 123 25 Wunder
756 2110 129 25 nehmen,
899 2107 54 31 vgl.
965 2106 44 24 die
1024 2103 202 26 Kombination
1239 2104 44 22 bei
1296 2102 94 31 Hygin
1408 2100 56 23 und
1479 2099 134 30 Späteren

237 2150 39 31 (S.
292 2148 72 24 oben
381 2148 25 22 S.
421 2154 30 23 17
473 2147 57 22 und
546 2146 71 23 Abb.
631 2144 52 30 10),
705 2145 44 23 die
764 2144 118 30 Magnus
899 2143 26 23 S.
938 2141 86 31 204ff.
1037 2140 86 24 selbst
1138 2138 150 26 behandelt
1301 2137 88 30 (recht
1408 2132 205 26 unverstanden

236 2184 100 31 gerade
351 2183 45 22 bei
411 2181 108 32 Hygin:
537 2200 4 3 .
556 2199 4 3 .
575 2199 4 3 .
592 2188 16 15 a
624 2180 83 24 Terra
723 2179 170 32 praesidium
907 2177 83 32 petit,
1006 2183 71 23 quae
1093 2183 62 15 eam
1170 2173 126 32 recepit
1312 2173 29 22 in
1356 2179 28 15 se
1400 2172 28 22 et
1443 2170 28 22 in
1487 2167 126 24 arborem

235 2220 112 23 laurum
360 2214 242 33 commutavit);
618 2216 50 22 das
682 2215 50 23 hat
746 2213 206 25 offensichtlich
967 2212 51 23 mit
1033 2211 49 23 der
1096 2207 227 35 ursprünglichen
1337 2204 181 25 arkadischen
1533 2203 81 22 Form

238 2254 92 24 nichts
341 2261 33 14 zu
385 2253 60 22 tun.
458 2251 51 23 Wo
520 2251 99 23 Werke
629 2250 49 23 der
688 2249 149 25 bildenden
851 2249 93 23 Kunst
955 2254 50 17 aus
1015 2245 94 24 früher
1121 2243 59 25 Zeit
1191 2244 50 23 das
1252 2242 90 25 Motiv
1353 2242 48 22 der
1412 2237 203 32 Verwandlung

238 2290 92 23 haben
338 2294 70 24 resp.
420 2286 148 27 andeuten,
579 2286 76 22 kann
664 2285 43 25 die
716 2284 194 24 lakonische
920 2282 124 32 Fassung
1055 2279 139 32 zugrunde
1203 2277 101 32 liegen;
1315 2284 43 15 wo
1367 2276 38 23 sie
1414 2283 29 16 es
1452 2274 92 24 nicht
1553 2274 61 24 tun,

238 2324 100 25 dürfen
349 2322 102 24 daraus
463 2321 78 24 nicht
552 2321 72 22 ohne
637 2320 125 25 weiteres
773 2319 160 24 stilistische
948 2316 127 25 Schlüsse
1087 2321 120 25 gezogen
1219 2312 117 25 werden.

320 2364 26 28 2)
365 2361 117 30 Magnus
502 2361 26 23 S.
541 2367 50 22 199
609 2361 56 22 und
686 2360 26 24 S.
725 2368 49 16 201
795 2360 81 23 Anm.
889 2367 23 16 2.
932 2357 52 24 Die
1002 2356 87 24 Texte
1105 2354 71 32 jetzt
1194 2353 45 24 bei
1258 2351 117 32 Jacoby,
1394 2348 165 32 Fragmente
1577 2346 38 26 II,

243 2400 75 29 1926,
333 2398 26 24 S.
374 2403 57 24 170.

320 2438 26 30 3)
360 2435 152 25 Boccaccio
528 2433 84 32 greift
629 2435 38 22 im
680 2433 132 28 „Ninfale
824 2431 161 25 Fiesolano"
999 2430 49 24 auf
1061 2429 74 24 diese
1147 2426 145 26 Tradition
1304 2424 115 27 zurück;
1433 2429 20 16 s.
1466 2423 71 22 oben
1551 2420 26 24 S.
1590 2420 15 23 8

321 2478 25 30 4)
365 2477 37 22 Es
417 2475 36 23 ist
468 2473 200 28 anzunehmen,
684 2474 55 23 daß
755 2474 73 23 Ovid
843 2473 45 22 die
902 2471 116 24 Version
1033 2470 48 23 des
1097 2465 164 28 Parthenios
1275 2465 123 30 gekannt
1413 2463 57 22 hat.
1487 2462 44 22 Ob
1545 2461 71 22 etwa

241 2513 143 24 Nikander
392 2512 29 22 in
430 2510 94 22 seinen
534 2507 160 26 verlorenen
704 2507 243 31 Metamorphosen
957 2506 71 23 Ovid
1039 2505 28 23 in
1076 2500 186 34 irgendeinem
1272 2501 48 23 der
1330 2499 58 22 hier
1398 2504 46 17 zur
1455 2494 162 25 Diskussion

240 2548 153 25 stehenden
409 2546 109 23 Punkte
533 2542 184 34 vorgegriffen
731 2545 59 25 hat,
807 2543 66 22 muß
888 2541 139 24 natürlich
1042 2535 218 29 unentschieden
1274 2533 117 25 bleiben.

298 2595 89 21 Studien
401 2593 38 20 der
453 2591 121 20 Bibliothek
587 2591 113 24 Warburg,
715 2597 32 18 23.
757 2590 63 20 Heft:
837 2589 123 20 Stechow
1391 2584 14 23 5
