2464 3159
198 372 85 24 Luini
299 373 54 22 und
368 371 80 24 Dossi

1534 355 41 40 69

199 435 81 28 viele
301 430 449 42 mythologisch-allegorische
770 427 244 38 Darstellungen
1035 425 109 29 Dossis
1164 426 49 28 bis
1232 427 95 28 heute
1347 426 160 29 unerklärt
1528 436 36 27 ge­

200 478 127 30 blieben
352 477 80 29 sind.
461 476 86 28 Statt
573 474 56 28 der
652 471 189 39 idyllischen
870 470 180 37 Stimmung
1076 469 108 29 Luinis
1209 469 142 29 herrscht
1377 470 68 28 eine
1471 478 93 29 ausge­

200 521 155 40 sprochen
384 519 207 30 ekstatische:
623 516 50 28 die
704 512 265 39 Verherrlichung
999 511 423 40 dichterisch-sängerischen
1454 512 123 30 Feuers.

201 565 115 39 Apollo
331 563 197 30 unterbricht
545 562 57 27 das
620 559 86 37 Spiel
720 559 55 29 auf
790 558 56 28 der
861 558 92 27 Viola
969 556 141 28 d’amore
1126 556 57 28 wie
1200 565 38 19 zu
1253 556 86 29 einer
1353 556 225 29 hinreißenden

205 606 279 40 Gesangskadenz:
509 606 58 27 mit
591 603 151 29 verzückt
765 599 322 40 emporgeworfenem
1111 599 120 38 Haupt,
1255 599 193 37 geöffnetem
1471 600 107 34 Mund,

202 653 76 28 halb
302 652 215 37 abgesetztem
542 648 208 31 Instrument,
776 644 192 30 erhobenem
994 643 118 36 Bogen,
1138 642 62 29 den
1225 640 138 32 Lorbeer
1385 643 44 27 im
1456 642 95 29 Haar.
1554 643 11 16 1
1567 643 10 36 )

205 696 87 30 Ganz
313 695 84 28 klein
418 694 41 28 ist
481 694 45 26 im
547 689 219 39 Hintergrund
787 698 58 18 vor
865 688 94 28 reifer
982 686 195 28 Landschaft
1200 684 135 39 Daphne
1356 686 33 27 in
1411 684 154 30 Verwand­

201 741 77 37 lung
291 738 131 38 gezeigt,
439 737 56 27 wie
510 736 50 27 ein
577 733 204 38 Widerklang
797 732 55 28 des
867 730 177 38 göttlichen
1061 729 157 37 Hymnus,
1235 729 55 28 der
1306 738 58 19 nur
1380 729 79 28 Eros
1475 729 104 37 gelten

203 783 100 30 kann:

562 830 78 35 „Ich
655 838 87 27 sang,
759 827 65 30 und
840 828 59 28 wie
914 836 65 19 von
993 827 100 27 selbst
1108 824 116 30 beinah

563 874 59 28 Die
638 873 91 28 Leier
743 871 105 39 klang,
864 870 236 34 berauschend;

564 917 60 29 Mir
638 926 74 24 war,
729 917 47 28 als
791 916 42 28 ob
846 916 52 28 ich
913 914 137 38 Daphne
1064 914 69 33 sah,

565 962 66 28 Aus
646 958 280 32 Lorbeerbüschen
939 954 209 34 lauschend".

896 1010 123 39 (Heine,
1036 1010 63 28 Der
1111 1008 183 40 Apollogott
1312 1006 29 40 2)

287 1096 23 30 1)
325 1096 48 23 Als
385 1094 111 24 solchen
509 1091 214 25 musikalischen
738 1090 119 25 Solisten
868 1091 81 22 hatte
960 1089 50 23 ihn
1022 1089 101 22 vorher
1134 1086 102 25 einmal
1248 1085 125 25 Liberale
1386 1085 36 22 da
1434 1084 110 24 Verona
1555 1084 29 21 in

207 1132 47 23 der
275 1131 73 24 oben
373 1131 27 23 S.
413 1138 30 16 21
463 1130 81 21 Anm.
558 1136 14 16 2
596 1127 162 24 erwähnten
774 1124 233 26 Wolfenbütteler
1023 1122 134 24 Miniatur
1173 1122 118 30 gezeigt;
1309 1119 101 32 jedoch
1426 1119 52 23 mit
1495 1118 89 24 einem

208 1165 236 27 Musenorchester
456 1166 72 22 statt
540 1165 48 22 der
602 1163 118 30 Daphne
732 1162 27 22 in
773 1162 48 23 der
834 1161 95 23 Ferne.
