2409 3159
824 339 41 32 54

1301 339 53 22 Die
1366 339 82 23 Fabel
1462 339 29 23 in
1505 340 46 23 der
1565 339 133 23 Literatur
1712 339 55 23 und
1784 339 93 23 Musik
1893 339 48 23 seit
1953 339 46 23 der
2015 339 179 24 Renaissance

902 400 147 29 Freilich:
1064 401 33 27 in
1109 400 100 28 dieser
1223 400 85 37 Oper
1319 401 43 28 ist
1375 410 111 18 unsere
1500 400 206 39 Hauptszene
1719 401 89 28 nicht
1821 401 80 28 eben
1915 402 55 27 der
1983 401 211 38 Mittelpunkt

821 454 150 29 gewesen.
998 443 243 38 Entsprechend
1266 443 55 29 der
1349 443 397 39 Entstehungsgeschichte
1774 445 54 27 des
1854 444 112 28 Werks
1991 445 42 27 ist
2060 445 50 28 die
2136 446 45 27 Er­

821 489 115 37 legung
952 488 54 28 des
1023 487 173 34 Drachens,
1214 487 82 29 auch
1313 488 56 28 der
1386 488 114 28 darauf
1515 488 145 39 folgende
1681 487 96 29 Streit
1795 487 60 28 mit
1872 488 98 28 Amor
1987 487 82 30 breit
2086 498 94 28 ausge­

821 532 88 29 führt
918 540 6 25 ;
938 531 49 28 die
999 530 223 38 Daphnefabel
1232 531 100 28 bildet
1345 531 86 28 dann
1444 532 61 28 den
1516 532 131 29 zweiten
1659 532 75 28 Teil.
1749 533 38 27 In
1798 532 68 27 ihm
1878 531 78 29 wird
1968 541 65 20 nun
2045 540 82 20 zwar
2139 533 56 27 der

823 576 121 37 Beginn
965 575 55 28 der
1040 574 193 38 Verfolgung
1253 574 153 38 Daphnes
1427 575 99 29 durch
1547 576 114 37 Apollo
1680 576 137 37 gezeigt:

1182 632 55 28 D.:
1252 631 93 34 Altri,
1361 632 57 28 che
1431 631 98 30 l’arco
1544 632 65 28 mio

1333 676 73 28 Non
1420 686 41 18 vo
1475 685 192 29 compagno;
1683 676 105 29 addio.

1183 719 52 28 A.:
1253 718 106 30 Oime!
1375 729 63 19 non
1452 721 94 27 tanta
1559 719 112 34 fretta;

1330 764 149 36 Aspetta,
1495 763 109 35 Ninfa,
1620 764 142 37 aspetta!

821 821 76 28 aber
912 820 50 29 die
977 820 185 38 eigentliche
1180 819 104 29 Strafe
1298 821 131 36 Apollos
1444 821 79 28 wird
1538 830 60 18 nur
1613 820 202 35 berichtet,
1831 821 89 28 nicht
1937 820 184 39 dargestellt
2139 820 57 38 (im

825 864 176 38 Gegensatz
1018 873 40 19 zu
1077 864 55 28 der
1153 863 29 29 S.
1195 864 18 28 8
1231 863 184 29 erwähnten
1426 864 189 29 Mantuaner
1626 865 143 37 Fassung
1785 874 75 19 vom
1870 865 90 27 Ende
1978 865 54 27 des
2045 870 46 31 15.
2101 865 81 37 Jahr­

822 908 164 34 hunderts,
1002 908 34 28 in
1052 908 55 27 der
1123 907 98 29 schon
1236 906 195 39 Verfolgung
1445 908 75 28 und
1536 908 233 38 Verwandlung
1784 908 56 29 auf
1855 908 55 28 der
1926 908 113 28 Bühne
2055 917 58 20 vor
2128 908 67 29 sich

822 961 162 28 gegangen
1005 951 133 37 waren);
1160 950 51 29 ein
1233 951 81 28 Bote
1335 952 147 28 erzählt
1504 951 73 29 dem
1597 951 83 29 Chor
1701 961 63 18 von
1786 952 55 28 der
1863 952 243 38 Verwandlung,
2129 952 65 29 und

821 999 64 25 erst
907 996 129 37 Apollos
1059 994 99 38 Klage
1180 1004 56 18 um
1255 995 44 28 sie
1320 995 80 28 wird
1420 994 115 29 wieder
1556 995 60 27 mit
1636 995 113 37 großer
1770 995 272 29 Ausführlichkeit
2064 997 56 28 auf
2140 996 55 28 der

824 1040 111 27 Bühne
961 1038 191 38 dargestellt.
1186 1038 59 27 Mit
1270 1037 138 29 anderen
1432 1037 142 36 Worten,
1600 1038 182 29 Rinuccinis
1806 1039 147 33 „Dafne“
1977 1039 52 34 ist,
2055 1049 65 19 was
2145 1041 50 28 die

820 1081 336 39 Daphne-Geschichte
1181 1081 177 34 anbetrifft,
1389 1082 56 28 auf
1463 1081 200 30 erzählendes
1684 1082 160 28 Rezitativ
1864 1082 65 28 und
1947 1083 134 37 lyrische
2101 1085 96 28 Chor-

821 1127 66 28 und
909 1126 199 37 Solopartien
1129 1125 187 38 eingestellt,
1341 1126 67 27 und
1431 1125 73 28 dem
1525 1125 57 29 hat
1603 1125 159 29 natürlich
1782 1126 82 28 auch
1885 1126 187 30 Peri-Corsis
2092 1128 104 28 Musik

819 1171 105 36 folgen
946 1171 128 26 müssen
1097 1168 102 38 (wenn
1221 1178 75 18 man
1317 1178 64 18 von
1403 1167 149 39 „folgen“
1575 1169 51 28 bei
1647 1178 34 19 so
1702 1179 94 28 enger
1817 1170 295 29 Zusammenarbeit
2133 1181 63 19 von

820 1214 133 28 Dichter
972 1213 67 28 und
1059 1212 233 38 Komponisten
1312 1213 183 37 überhaupt
1515 1212 96 29 reden
1631 1213 109 37 kann).

900 1257 98 29 Nicht
1015 1256 114 29 anders
1144 1256 43 28 ist
1203 1265 33 19 es
1251 1255 33 29 in
1303 1255 203 39 Gaglianos
1523 1256 149 35 „Dafne“
1689 1266 64 19 von
1771 1256 88 35 1608,
1878 1257 54 28 der
1949 1258 55 28 der
2020 1267 60 20 nur
2096 1259 101 38 wenig

818 1301 188 28 veränderte
1020 1299 262 30 Rinuccini-Text
1296 1300 162 37 zugrunde
1469 1299 77 39 liegt
1558 1301 67 28 und
1643 1301 95 28 deren
1750 1301 105 28 Musik
1867 1311 59 19 uns
1944 1302 143 30 erhalten
2105 1303 41 29 ist
2156 1304 11 17 l
2170 1304 25 37 ):

819 1345 157 38 bewegtes
998 1343 163 29 Rezitativ
1182 1344 66 28 und
1266 1343 138 39 lyrische
1426 1344 129 29 Partien
1576 1345 154 28 wechseln
1752 1345 51 34 ab,
1826 1345 66 28 und
1913 1345 50 29 die
1985 1346 211 30 dramatische

822 1389 202 37 Handlung
1036 1386 85 30 blieb
1133 1387 57 29 wie
1203 1388 44 27 im
1260 1388 195 29 Intermedio
1468 1399 63 18 von
1546 1388 76 40 1589
1636 1389 73 28 dem
1721 1388 245 39 Pythonkampf
1977 1390 219 36 Vorbehalten,

818 1433 52 28 für
890 1434 111 27 dessen
1020 1430 208 40 Ausführung
1250 1431 155 39 Gagliano
1424 1433 33 28 in
1477 1432 101 30 seiner
1598 1433 183 28 bekannten
1801 1433 139 29 Vorrede
1946 1434 12 16 2
1961 1434 8 37 )
1994 1444 122 28 genaue
2145 1436 38 28 In­

818 1477 202 28 struktionen
1040 1475 115 29 erteilt.
1178 1476 39 28 In
1238 1476 101 29 dieser
1360 1477 77 28 hebt
1458 1486 34 19 er
1512 1486 84 20 zwar
1616 1477 83 29 auch
1719 1478 125 33 hervor,
1867 1477 63 28 daß
1952 1478 55 28 der
2029 1479 90 34 Bote,
2141 1480 55 28 der

818 1521 153 37 Daphnes
1001 1519 233 39 Verwandlung
1263 1519 168 36 berichtet,
1463 1521 68 28 eine
1563 1523 115 36 „parte
1707 1521 310 37 importantissima"
2047 1523 67 34 hat,
2146 1524 50 28 die

817 1566 139 34 „ricerca
971 1563 176 39 espressiva
1163 1563 32 30 di
1204 1564 108 38 parole
1322 1564 80 29 oltre
1419 1564 192 38 ogn’altra";
1629 1565 75 30 aber
1719 1575 33 20 es
1766 1565 99 30 bleibt
1882 1566 79 29 eben
1978 1566 80 30 doch
2075 1567 50 29 bei
2141 1568 55 28 der

819 1610 197 36 Erzählung;
1040 1609 67 27 und
1129 1619 92 18 wenn
1243 1609 86 28 dann
1352 1609 114 37 Apollo
1489 1610 156 29 erscheint
1669 1611 67 28 und
1758 1611 67 28 sein
1849 1611 165 37 Klagelied
2036 1612 96 37 singt,
2155 1612 42 28 ist

819 1653 86 34 alles,
915 1662 64 19 was
989 1662 63 18 von
1062 1653 136 36 Daphne
1209 1654 56 27 auf
1274 1653 54 28 der
1339 1654 113 27 Bühne
1463 1654 93 37 übrig
1564 1655 165 36 geblieben
1737 1655 52 34 ist,
1800 1655 51 28 ein
1860 1656 184 28 ramoscello
2054 1656 142 33 d’alloro,

820 1697 59 28 mit
896 1697 73 28 dem
983 1696 67 29 sich
1065 1697 115 36 Apollo
1195 1707 40 18 zu
1250 1697 123 28 krönen
1389 1697 56 28 hat
1465 1697 112 37 (wofür
1596 1698 155 37 Gagliano
1766 1699 122 28 zwecks
1904 1699 214 37 Vermeidung
2134 1709 64 19 von

819 1740 337 38 Unzuträglichkeiten
1174 1750 121 28 genaue
1314 1741 193 37 Anweisung
1525 1741 97 38 gibt);
1643 1742 116 29 darauf
1776 1743 57 28 hat
1853 1752 34 19 er
1906 1743 86 28 dann
2012 1743 50 28 die
2083 1744 115 28 Hände

818 1795 74 18 zum
910 1784 203 28 Aufnehmen
1133 1785 55 27 der
1208 1785 75 28 Lira
1302 1785 69 34 frei,
1394 1785 44 34 „il
1458 1785 57 28 che
1536 1786 101 28 debbe
1658 1787 66 27 fare
1744 1796 60 19 con
1824 1786 73 29 bell’
1918 1787 206 29 attitudine.“

901 1828 78 37 1627
999 1828 107 28 wurde
1128 1829 153 28 Heinrich
1303 1829 149 28 Schütz’
1474 1829 192 38 „Daphne",
1688 1831 50 27 die
1758 1833 83 26 erste
1861 1831 151 28 deutsche
2032 1831 94 38 Oper,
2148 1832 49 28 bei

821 1872 54 28 der
890 1872 155 29 Hochzeit
1059 1872 54 28 des
1127 1873 135 28 Prinzen
1277 1872 105 38 Georg
1394 1882 64 19 von
1472 1874 122 28 Hessen
1608 1874 60 28 mit
1685 1874 116 37 Sophie
1814 1875 154 28 Eleonore
1982 1884 63 19 von
2061 1876 136 28 Sachsen

822 1917 55 27 auf
895 1917 73 27 dem
985 1916 182 29 Hartenfels
1185 1917 52 28 bei
1254 1917 127 38 Torgau
1398 1918 186 36 aufgeführt
1602 1935 41 3 —
1659 1918 82 28 auch
1759 1918 85 29 diese
1862 1919 105 28 Musik
1983 1919 42 28 ist
2044 1919 151 30 verloren.

820 1961 67 27 Das
904 1959 177 34 Textbuch,
1100 1961 85 33 „auß
1203 1961 226 29 mehrentheils
1445 1961 124 38 eigener
1585 1962 182 38 Erfindung
1782 1963 202 37 geschrieben
2000 1972 63 19 von
2081 1964 117 28 Martin

822 2003 179 38 Opitzen“
1012 2003 12 17 3
1027 2004 20 37 ),
1070 2004 71 28 läßt
1163 2005 171 34 erkennen,
1354 2005 63 28 daß
1435 2005 67 28 hier
1521 2006 60 28 mit
1599 2006 55 28 der
1672 2006 193 38 Verfolgung
1882 2007 67 28 und
1965 2007 233 38 Verwandlung

901 2083 23 29 1)
939 2083 62 22 Von
1030 2084 32 21 R.
1080 2083 98 23 Eitner
1209 2085 199 29 auszugsweise
1439 2085 222 30 herausgegeben
1692 2085 40 23 in:
1762 2085 179 23 Publikation
1967 2086 100 23 älterer
2094 2087 104 22 Musik-

819 2118 99 22 Werke
930 2118 35 26 X,
986 2118 93 23 Berlin
1100 2119 75 26 1881,
1196 2119 67 30 77ff.
1285 2120 60 29 Vgl.
1366 2120 72 22 auch
1459 2120 26 23 S.
1500 2127 40 22 15.

898 2153 24 29 2)
937 2154 179 28 Abgedruckt
1136 2154 42 22 in:
1195 2155 105 29 Angelo
1323 2155 107 26 Solerti,
1448 2155 37 22 Le
1501 2155 98 30 origini
1614 2155 44 23 del
1678 2155 205 27 Melodramma,
1906 2156 100 22 Torino
2029 2164 75 22 1903,
2127 2156 68 30 7öff.

899 2188 25 29 3)
942 2188 36 23 So
998 2188 48 23 auf
1060 2189 63 22 dem
1138 2189 72 23 Titel
1224 2190 48 22 der
1287 2190 244 30 Originalausgabe
1551 2191 113 22 Breslau
1685 2191 102 29 (1627);
1804 2191 206 30 Abhängigkeit
2024 2199 56 15 von
2095 2192 102 23 Rinuc-

820 2223 56 22 cini
888 2223 37 22 ist
939 2223 104 23 freilich
1058 2224 121 23 evident.
1194 2225 150 23 Neudruck
1358 2226 48 22 des
1420 2225 100 23 Textes
1534 2233 55 15 von
1604 2226 31 23 O.
1648 2226 130 26 Taubert,
1793 2226 109 29 Torgau
1919 2227 75 29 1879.
2011 2227 51 22 Die
2076 2227 120 23 Vorrede

821 2259 63 25 „An
899 2258 44 23 die
957 2259 236 23 hochfürstlichen
1207 2261 89 22 Braut
1310 2261 58 22 und
1383 2261 180 29 Bräutigam“
1581 2261 100 22 nimmt
1696 2261 44 23 die
1754 2268 56 16 von
1825 2261 131 23 Petrarca
1970 2262 107 23 ererbte
2093 2262 91 23 Identi­

818 2293 134 30 fizierung
970 2294 459 30 Daphne-Lorbeer-Dichterruhm
1447 2296 51 22 mit
1516 2296 78 22 nicht
1611 2296 138 30 geringem
1769 2296 75 23 Stolz
1862 2297 100 23 wieder
1979 2297 59 23 auf:

1120 2357 4 4 .
1139 2357 4 4 .
1158 2357 5 4 .
1175 2340 58 22 nim
1246 2340 74 22 denn
1331 2340 31 22 in
1374 2340 109 29 gnaden
1495 2347 44 20 an,

1118 2375 44 22 Du
1176 2375 146 30 duppeltes
1334 2375 112 30 gestirn,
1460 2382 56 16 was
1529 2375 91 23 Dafne
1632 2376 89 29 geben
1732 2376 68 26 kan;

1118 2410 62 22 Den
1191 2410 217 30 immer-grünen
1421 2411 114 26 Krantz,
1550 2411 57 22 und
1620 2412 113 25 dencke,
1748 2412 55 22 daß
1816 2411 44 23 die
1873 2412 89 29 gaben

1120 2445 36 22 So
1169 2446 118 21 Fürsten
1299 2445 40 23 als
1352 2446 51 22 wie
1414 2445 43 23 ihr
1469 2446 118 22 vollauff
1599 2454 33 15 zu
1646 2447 87 29 geben
1745 2447 92 22 haben

1119 2480 77 23 Zwar
1208 2481 75 29 groß,
1297 2481 73 22 doch
1381 2481 116 22 irrdisch
1509 2482 87 22 sindt:
1611 2482 44 22 die
1666 2481 90 23 flucht
1769 2482 48 23 der
1830 2482 60 22 Zeit
1902 2482 134 23 vertreibt

1120 2516 56 22 Das
1189 2516 101 29 unsrig'
1305 2516 57 23 und
1375 2523 51 16 uns
1439 2517 82 26 auch;
1536 2524 56 15 was
1605 2517 91 23 Dafne
1709 2517 68 30 gibt,
1791 2517 50 23 das
1853 2517 95 23 bleibt.
