2409 3159
809 335 42 39 46

1726 350 204 29 Darstellungen
1946 351 28 23 in
1989 354 44 21 der
2048 352 130 32 Skulptur

806 406 281 30 unbekümmertes
1102 406 172 39 Zupacken
1292 408 54 28 des
1362 411 83 27 etwa
1461 410 292 39 Zwanzigjährigen
1771 413 57 27 das
1846 412 111 29 meiste
1974 417 96 34 getan
2086 415 90 30 habe.

807 449 60 30 Die
890 450 228 37 Behauptung,
1142 450 131 30 Bernini
1295 452 82 28 habe
1401 456 93 26 unter
1518 454 73 29 dem
1614 454 134 30 Einfluß
1772 456 55 28 der
1852 456 131 29 antiken
2007 458 172 38 Borghese-

810 492 112 30 Statue
943 493 176 38 gestanden
1126 494 11 16 1
1139 494 22 38 ),
1181 493 42 30 ist
1244 495 96 29 leicht
1362 496 59 29 mit
1444 498 72 27 dem
1537 497 141 31 Hinweis
1700 498 115 30 darauf
1836 509 39 18 zu
1896 500 197 38 widerlegen,
2116 502 63 29 daß

807 535 84 31 diese
910 539 64 26 erst
996 536 79 38 1824
1092 538 217 39 ausgegraben
1329 540 126 28 worden
1473 541 51 28 ist.
1529 541 12 17 2
1543 541 9 37 )
1573 536 87 35 Über
1680 543 50 28 die
1751 542 158 30 deutliche
1929 543 190 39 Anlehnung
2139 556 40 18 an

808 579 60 30 den
880 580 113 37 Apollo
1003 590 76 20 vom
1089 581 173 31 Belvedere
1272 583 125 35 hinaus,
1410 584 50 28 die
1471 585 170 30 besonders
1651 586 45 28 im
1708 586 97 39 Kopf,
1818 587 76 28 aber
1905 587 82 29 auch
1998 588 44 27 im
2054 589 124 37 Körper

806 623 137 39 spürbar
958 624 43 28 ist
1018 625 66 28 und
1102 626 50 27 die
1168 625 98 30 selbst
1284 627 50 28 die
1351 636 63 20 von
1432 628 185 31 Montorsoli
1632 631 150 37 ergänzte
1797 631 108 28 rechte
1923 631 99 29 Hand
2038 632 60 28 mit
2115 632 50 29 ein­

806 666 136 37 bezieht,
965 668 71 29 sind
1058 668 179 39 „Quellen“
1260 671 53 27 für
1335 671 66 29 dies
1423 671 96 29 Werk
1540 672 182 30 schwerlich
1745 674 194 38 anzugeben,
1963 685 33 18 es
2018 675 44 29 sei
2085 676 94 34 denn,

806 710 64 30 daß
887 721 74 19 man
978 712 100 29 daran
1093 712 169 36 erinnerte,
1280 714 63 28 daß
1361 714 54 29 der
1431 715 163 31 schreiend
1610 719 160 37 geöffnete
1788 719 99 28 Mund
1904 719 55 28 der
1977 719 136 37 Daphne
2129 719 51 29 ein

805 754 99 31 schon
928 756 73 28 dem
1030 756 231 39 Quattrocento
1285 758 174 39 geläufiges
1483 761 66 27 und
1573 770 63 19 von
1660 762 68 27 ihm
1752 762 47 29 als
1824 762 172 29 besonders
2021 762 158 30 antikisch

806 799 230 39 empfundenes
1051 800 103 28 Motiv
1167 800 53 36 ist,
1243 801 58 28 das
1315 801 68 29 sich
1398 803 87 28 dann
1498 804 90 29 recht
1603 805 128 28 ähnlich
1747 805 57 29 wie
1821 806 51 28 bei
1888 805 131 30 Bernini
2035 806 97 29 schon
2147 807 32 28 in

806 842 272 41 mythologischen
1094 843 130 31 Bildern
1239 845 102 28 Dosso
1355 845 110 30 Dossis
1470 847 12 16 3
1484 847 21 37 ),
1521 848 171 29 besonders
1706 849 76 29 aber
1796 850 44 27 im
1856 849 322 31 Bethlehemitischen

807 884 627 45 Kindermord Guido Renis 4 5 ) findet.
885 936 64 27 Der
965 934 229 31 künstlerische
1213 936 115 29 Gehalt
1345 937 55 29 der
1419 938 129 38 Gruppe
1563 939 42 29 ist
1621 941 81 27 noch
1718 941 190 38 neuerdings
1922 942 32 29 in
1970 944 64 27 fast
2050 943 129 38 grotesk

804 977 240 32 verschiedener
1062 979 103 28 Weise
1184 979 215 39 interpretiert
1420 983 137 33 worden,
1577 983 67 28 und
1663 993 83 18 zwar
1766 985 203 29 verschieden
1989 986 191 38 keineswegs

804 1031 63 20 von
884 1023 128 28 Freund
1028 1024 67 27 und
1112 1022 101 30 Feind
1228 1040 41 4 —
1283 1024 97 28 heute
1394 1025 44 28 ist
1453 1026 34 36 ja
1502 1026 135 29 beinahe
1654 1027 116 29 wieder
1786 1028 68 28 eine
1872 1029 233 38 Einmütigkeit
2123 1030 55 29 der

804 1064 135 40 (freilich
954 1068 98 27 etwas
1065 1066 172 38 farblosen)
1253 1067 236 39 Anerkennung
1502 1070 183 37 hergestellt
1700 1087 50 17 —,
1766 1072 136 28 sondern
1918 1073 80 28 auch
2013 1074 166 28 innerhalb

804 1109 55 30 des
877 1110 128 28 Kreises
1022 1111 56 27 der
1095 1109 175 30 ästhetisch
1288 1111 271 29 Zustimmenden.
1578 1113 59 28 Wo
1656 1115 55 27 der
1729 1114 68 29 eine
1816 1116 170 29 äußersten
2004 1117 175 29 sinnlichen

805 1152 179 30 Realismus
1004 1153 92 34 sieht,
1120 1153 82 29 sieht
1225 1154 55 27 der
1301 1154 116 30 andere
1439 1156 214 29 unsinnliches
1676 1158 211 35 Idealisieren,
1910 1159 138 29 nämlich
2070 1161 33 27 in
2125 1160 54 29 der

807 1196 190 37 Gestaltung
1016 1196 56 29 des
1084 1196 121 29 Motivs
1225 1197 69 37 (der
1306 1198 240 30 Naturalismus
1565 1200 57 29 der
1636 1201 189 30 Oberfläche
1845 1203 80 28 wird
1945 1203 159 30 natürlich
2124 1205 43 28 all­

801 1239 125 39 gemein
946 1239 210 39 zugegeben);
1180 1249 47 21 wo
1250 1241 56 28 der
1328 1242 69 29 eine
1419 1243 51 28 ein
1491 1244 336 30 Aufeinandertreffen
1849 1256 63 19 von
1935 1247 244 36 Naturkräften,

802 1283 55 29 der
869 1284 115 28 andere
996 1283 206 35 tänzerische,
1213 1284 50 30 ein
1275 1285 101 39 wenig
1386 1285 73 30 fade
1464 1288 131 29 Anmut.
1598 1288 13 18 6
1613 1290 9 37 )
1636 1290 44 27 Es
1691 1289 41 28 ist
1746 1290 79 35 klar,
1835 1291 63 28 daß
1910 1291 103 29 solche
2018 1291 146 31 Verschie­

802 1326 129 29 denheit
943 1327 55 28 der
1010 1327 121 29 Urteile
1143 1328 60 28 mit
1215 1328 55 29 der
1281 1329 216 31 ästhetischen
1512 1332 258 40 Sonderstellung
1782 1335 54 28 des
1847 1334 112 31 Werks
1970 1335 208 30 unmittelbar

800 1370 296 39 zusammenhängt.
1115 1372 77 28 Was
1206 1373 70 29 hier
1293 1374 73 28 dem
1385 1374 88 30 Stein
1490 1376 183 39 abgetrotzt
1690 1378 119 34 wurde,
1828 1379 170 39 unterliegt
2016 1390 65 28 qua
2097 1381 67 29 Dar­

800 1414 138 38 stellung
958 1416 55 27 des
1033 1416 119 28 Motivs
1172 1416 61 30 den
1252 1418 276 39 Anforderungen,
1549 1420 51 29 die
1621 1430 75 19 man
1717 1431 40 19 an
1779 1422 50 29 die
1850 1423 137 35 Malerei,
2009 1434 64 28 qua
2091 1424 85 29 reine

801 1458 96 29 Form
910 1460 62 27 den
985 1458 277 41 Anforderungen,
1277 1461 50 29 die
1342 1472 75 19 man
1432 1473 41 18 an
1488 1464 50 28 die
1556 1464 156 38 Skulptur
1726 1466 101 34 stellt;
1844 1467 66 29 und
1925 1468 195 29 dazwischen
2134 1470 42 27 ist

799 1501 181 39 angesichts
996 1503 55 29 des
1066 1504 220 39 prinzipiellen
1303 1506 250 30 Verhaftetseins
1570 1509 54 29 des
1641 1509 117 29 Motivs
1774 1511 47 28 als
1837 1510 245 31 künstlerischer
2098 1512 66 30 Auf­

797 1546 82 40 gabe
896 1556 41 19 an
953 1547 61 28 den
1028 1548 200 40 imaginären
1246 1550 106 28 Raum
1368 1550 45 39 (in
1428 1551 197 41 Verfolgung
1639 1554 75 28 und
1730 1553 246 42 Verwandlung)
1994 1557 73 29 kein
2083 1557 80 30 wirk­

793 1592 100 29 licher
915 1591 170 39 Ausgleich
1110 1593 148 38 möglich.
1284 1594 91 29 Wird
1399 1596 50 28 die
1474 1591 278 45 Überwindung
1776 1600 102 28 dieser
1902 1601 200 38 Diskrepanz
2126 1601 51 29 bei

796 1634 132 31 Bernini
945 1635 33 28 in
998 1638 100 27 erster
1111 1637 89 28 Linie
1220 1638 195 39 empfunden
1431 1641 67 28 und
1517 1641 251 40 herausgestellt,
1788 1654 35 18 so
1842 1644 79 28 wird
1945 1645 84 29 seine
2049 1646 128 37 Lösung

796 1678 192 40 „objektiv“
1006 1680 116 30 ebenso
1138 1681 97 29 leicht
1254 1682 221 30 überschätzt
1493 1684 137 36 werden,
1650 1687 58 28 wie
1727 1687 44 29 sie
1790 1688 240 30 unterschätzt
2050 1689 126 30 werden

795 1723 90 35 wird,
908 1733 92 19 wenn
1024 1725 57 28 das
1106 1725 249 38 Hauptgewicht
1379 1726 56 30 auf
1458 1728 50 29 die
1532 1729 211 39 Beurteilung
1767 1733 55 27 der
1845 1732 254 39 Durchführung
2123 1733 55 29 des

796 1766 117 31 Motivs
934 1770 93 27 unter
1048 1769 262 39 Zugrundelegen
1333 1771 56 29 der
1411 1772 246 40 Möglichkeiten
1680 1775 55 28 der
1759 1776 128 28 Malerei
1908 1777 104 38 gelegt
2036 1778 79 28 wird
2136 1794 41 4 —

878 1868 23 31 j)
917 1868 164 29 Fraschetti,
1106 1878 24 15 a.
1143 1877 24 16 a.
1180 1870 42 28 O.,
1247 1872 26 22 S.
1286 1872 42 22 28.

875 1907 26 31 2)
916 1908 30 22 F.
958 1908 105 28 Noack,
1079 1909 185 32 Kunstpflege
1275 1911 58 23 und
1347 1912 181 25 Kunstbesitz
1541 1914 48 23 der
1601 1915 114 23 Familie
1728 1916 145 29 Borghese,
1889 1917 67 30 Rep.
1971 1917 18 23 f.
2006 1919 165 23 Kunstwiss.

796 1949 75 23 1929,
890 1943 95 29 I9iff.,
1001 1950 59 24 227.
1076 1945 74 23 Vom
1163 1945 78 24 alten
1255 1946 203 25 Fideikommiß
1473 1949 49 23 der
1536 1949 116 24 Familie
1665 1951 38 22 ist
1716 1951 94 23 nichts
1823 1952 150 24 veräußert
1986 1954 120 22 worden.

875 1982 25 32 3)
915 1983 61 29 Vgl.
996 1990 22 16 z.
1031 1984 32 23 B.
1083 1984 45 23 die
1147 1984 190 31 „Inspiration
1355 1987 47 23 des
1421 1987 146 24 Dichters"
1586 1990 29 22 in
1634 1990 116 23 London
1768 1991 57 22 und
1844 1991 45 24 die
1908 1991 205 32 „Verfolgung"
2133 1994 37 23 im

795 2017 79 24 Pitti.

874 2057 25 31 4)
914 2058 32 22 A.
959 2057 87 30 Riegl,
1064 2059 52 23 Die
1131 2059 195 24 Barockkunst
1340 2060 29 23 in
1385 2062 80 27 Rom,
1481 2063 80 22 Wien
1578 2064 75 28 1908,
1672 2065 26 22 S.
1713 2065 57 30 178.
1788 2066 93 22 Durch
1898 2065 129 26 Berninis
2045 2068 75 23 Sohn
2134 2069 37 23 ist

793 2092 29 29 ja
837 2092 125 31 bezeugt,
979 2093 55 23 daß
1050 2095 48 22 der
1114 2094 113 24 Meister
1242 2096 29 22 in
1286 2096 89 22 seiner
1394 2097 109 31 Jugend
1519 2099 78 23 stark
1612 2101 81 21 unter
1710 2100 85 23 Renis
1812 2101 114 24 Einfluß
1943 2104 153 28 gestanden
2112 2104 58 27 hat,

793 2127 57 23 und
866 2134 30 17 so
911 2127 39 23 ist
966 2128 73 23 auch
1054 2130 50 22 der
1119 2129 125 24 Hinweis
1259 2138 56 15 von
1332 2131 36 22 H.
1379 2132 62 23 Voß
1459 2134 150 30 (Monatsh.
1626 2134 19 22 f.
1659 2135 60 22 Kw.
1738 2135 54 27 III,
1812 2143 75 21 1910,
1907 2136 61 32 387)
1986 2138 50 23 auf
2051 2138 47 23 ein
2113 2146 57 16 von

792 2161 107 25 Marino
916 2163 177 30 besungenes,
1113 2164 85 23 leider
1215 2166 154 23 verlorenes
1387 2167 177 31 Daphnebild
1583 2170 85 22 Renis
1685 2170 62 22 sehr
1764 2171 121 30 wichtig.
1905 2171 79 25 Auch
2004 2174 93 22 Giulio
2116 2174 42 23 Ro­

793 2203 96 18 manos
907 2198 99 22 Werke
1023 2200 50 22 hat
1091 2199 115 24 Bernini
1222 2201 29 22 in
1269 2201 88 23 seiner
1378 2202 109 31 Jugend
1505 2203 126 28 studiert,
1651 2205 57 22 und
1726 2205 29 22 in
1773 2207 48 22 der
1839 2207 53 22 Tat
1911 2207 108 24 scheint
2037 2209 45 22 ein
2099 2209 71 23 loser

792 2232 240 33 Zusammenhang
1043 2235 136 22 zwischen
1191 2235 126 24 Berninis
1331 2237 112 32 Gruppe
1460 2239 56 22 und
1535 2239 64 23 dem
1618 2241 71 21 oben
1704 2240 25 23 S.
1744 2247 31 24 25
1788 2242 207 32 besprochenen
2009 2244 77 23 Stich
2098 2245 71 22 nach

794 2267 91 24 Giulio
906 2269 127 23 Romano
1053 2278 33 14 zu
1108 2270 141 24 bestehen.
1272 2271 52 23 Die
1344 2279 55 16 von
1420 2274 32 22 A.
1464 2274 32 22 E.
1519 2274 197 27 Brinckmann,
1739 2276 238 33 Barockskulptur
2000 2279 169 30 (Handbuch

791 2303 27 21 d.
831 2302 73 31 Kw.)
928 2304 27 22 S.
967 2310 52 24 230
1038 2305 116 23 betonte
1172 2306 245 25 Verwandtschaft
1435 2309 53 22 mit
1507 2309 116 24 Daniele
1642 2310 37 23 da
1697 2311 142 24 Volterras
1860 2312 186 25 Kindermord
2065 2314 37 22 ist
2121 2315 36 22 da­

791 2344 86 24 gegen
895 2338 78 23 nicht
991 2339 62 23 sehr
1071 2340 134 24 deutlich.

870 2377 26 30 5)
911 2379 33 21 A.
957 2378 87 31 Riegl,
1068 2379 176 25 Baldinuccis
1266 2381 66 22 Vita
1354 2381 47 25 des
1423 2383 122 27 Bernini,
1568 2384 80 23 Wien
1672 2391 75 22 1912,
1771 2386 82 27 68ff.;
1878 2388 32 22 A.
1923 2388 32 23 E.
1968 2388 198 28 Brinckmann,

790 2418 24 15 a.
828 2419 23 16 a.
864 2413 41 27 O.,
922 2413 26 23 S.
961 2420 62 22 229;
1038 2415 32 22 E.
1083 2415 139 27 Benkard,
1238 2416 31 22 G.
1283 2416 29 22 L.
1326 2415 113 25 Bernini
1453 2418 122 30 (Meister
1588 2420 48 22 der
1649 2420 115 28 Plastik,
1779 2422 51 22 Bd.
1844 2422 66 30 III),
1925 2422 150 24 Frankfurt
2090 2424 75 28 1926,

791 2455 15 20 4
812 2446 43 28 ff.;
877 2448 36 22 M.
926 2455 26 15 v.
965 2449 105 27 Boehn,
1091 2451 31 21 L.
1135 2451 42 25 B.,
1199 2449 257 34 Bielefeld-Leipzig
1476 2461 88 22 -1927,
1586 2454 67 29 56ff.
1677 2455 52 23 Die
1750 2456 215 32 Beurteilungen
1985 2458 48 23 der
2054 2458 113 31 Gruppe

790 2489 65 16 vom
872 2490 40 22 17.
929 2483 44 22 bis
988 2490 43 17 20.
1046 2486 191 30 Jahrhundert
1252 2486 103 24 einmal
1369 2489 291 30 zusammenhängend
1676 2499 33 14 zu
1726 2492 194 27 untersuchen,
1937 2495 72 21 wäre
2024 2493 61 23 eine
2100 2493 54 23 reiz­

789 2517 72 23 volle
874 2518 134 29 Aufgabe.
