2409 3159
824 343 21 30 6

1437 351 269 30 Bedeutungswandel
1721 361 57 15 vom
1793 353 153 24 Mittelalter
1958 362 47 16 zur
2020 356 180 24 Renaissance

828 415 125 37 Klugen
969 423 58 18 aus
1043 413 95 28 Liebe
1155 422 39 18 zu
1209 413 49 28 ihr
1274 412 191 38 nachjagen;
1482 413 32 28 in
1530 415 132 28 anderer
1678 415 153 38 Deutung
1846 415 79 29 wird
1941 417 85 29 dann
2043 419 154 38 Daphne

825 467 55 19 zur
899 457 180 38 prudentia,
1100 456 112 38 Apollo
1232 466 55 19 zur
1305 466 134 28 persona
1457 460 88 26 casta
1563 468 17 19 e
1600 459 148 37 pudicha,
1769 459 50 29 die
1837 459 50 29 ihr
1905 461 80 28 nach
1987 461 68 37 jagt
2074 479 41 3 —
2131 462 66 30 also

824 501 127 29 ähnlich
973 500 57 28 wie
1051 501 34 27 in
1107 500 61 28 den
1190 500 269 38 „Integumenta“
1481 501 55 29 des
1560 510 45 28 13.
1622 502 246 39 Jahrhunderts,
1890 514 61 18 nur
1971 506 88 27 recht
2080 506 118 29 farblos

826 545 64 29 und
909 544 176 37 langweilig
1103 544 237 38 durchgeführt.
1367 544 101 29 Wenn
1487 545 85 29 dann
1592 546 189 29 Christine
1801 548 42 28 de
1863 548 111 29 Pisan
1993 548 33 28 in
2043 549 82 28 ihrer
2144 559 55 19 um

827 596 78 30 1402
932 589 232 28 entstandenen
1190 587 343 39 Maximensammlung
1559 590 132 37 „Epitre
1718 590 31 28 d’
1777 590 126 31 Othea“
1910 591 12 18 1
1923 592 10 37 )
1966 592 51 29 die
2051 592 78 38 Sage
2152 603 34 19 er­

824 632 128 34 läutert,
967 642 35 18 so
1014 632 43 28 ist
1074 632 55 28 der
1146 631 264 38 Grundgedanke,
1425 632 251 39 gleichermaßen
1690 644 62 19 von
1767 633 141 38 „Glose"
1922 636 65 28 und
2002 636 197 39 „Alegorie“,

824 675 88 30 nicht
938 676 61 28 viel
1023 676 128 28 anders:
1177 676 62 28 Par
1262 679 93 34 grant
1380 676 151 39 diligence
1558 677 88 29 vient
1675 687 40 20 on
1743 688 19 18 a
1789 678 185 40 perfection.
2003 680 85 28 Aber
2109 679 77 30 über­

824 719 153 30 raschend
1006 720 54 34 ist,
1090 719 63 28 daß
1183 728 57 19 vor
1270 720 101 28 dieser
1398 721 183 29 bekannten
1606 722 152 37 Deutung
1786 722 68 30 eine
1885 725 71 27 sehr
1985 724 215 38 andersartige

822 763 234 30 novellistische
1093 763 223 38 „Erklärung“
1352 765 55 28 der
1434 765 182 38 Erzählung
1649 766 102 29 steht:
1797 766 116 31 Einem
1944 768 120 38 jungen
2094 768 107 30 Ritter

825 808 110 29 mußte
965 808 50 28 die
1043 817 60 18 vor
1130 807 67 28 ihm
1224 808 156 28 fliehende
1403 809 102 27 Dame
1527 808 125 30 endlich
1671 812 93 26 unter
1782 810 103 30 einem
1903 812 137 29 Lorbeer
2059 813 81 28 doch
2160 822 40 20 zu

823 850 114 31 Willen
956 861 76 24 sein,
1052 860 36 19 so
1113 851 63 28 daß
1199 860 33 20 er
1250 861 64 19 von
1334 852 41 28 da
1394 862 41 18 an
1454 852 62 28 den
1535 854 234 37 Lorbeerzweig
1788 854 47 28 als
1858 855 231 39 Siegeszeichen
2110 856 88 39 trug!

824 895 94 35 Oder,
934 896 86 28 fährt
1035 895 44 28 sie
1094 895 86 28 dann
1194 897 65 26 erst
1273 895 74 34 fort,
1364 896 55 28 der
1433 896 136 29 Lorbeer
1585 897 149 29 bedeutet
1753 897 91 35 Gold,
1860 900 102 27 damit
1976 899 143 30 noblesse
2134 901 66 29 und

821 939 153 34 honneur,
997 939 67 28 und
1079 939 96 28 daher
1196 939 63 28 will
1273 939 49 29 die
1337 940 183 37 Erzählung
1539 950 105 28 sagen,
1660 941 62 29 daß
1736 941 50 28 ein
1799 942 63 29 bon
1876 943 157 29 Chevalier
2046 944 67 28 sich
2127 944 72 30 sehr

822 985 191 35 anstrengen
1021 983 88 33 muß,
1124 992 54 18 um
1185 982 66 29 sich
1261 983 58 28 mit
1327 983 118 28 diesem
1454 984 135 29 Lorbeer
1602 986 121 27 krönen
1734 995 40 18 zu
1781 986 136 29 können.
1927 987 74 28 Und
2009 997 44 25 so,
2062 989 89 28 heißt
2166 999 34 19 es

821 1026 138 34 endlich,
978 1026 77 28 muß
1081 1026 82 29 auch
1187 1026 28 29 le
1240 1027 64 28 bon
1327 1027 119 37 esperir
1471 1037 224 28 perseverance
1720 1029 115 34 haben,
1855 1040 56 18 um
1928 1031 61 28 den
2011 1031 189 40 Siegespreis

823 1070 56 29 des
902 1070 224 29 himmlischen
1144 1070 185 29 Paradieses
1347 1080 39 18 zu
1404 1071 159 38 erlangen,
1582 1072 113 29 dessen
1712 1073 145 29 Freuden
1875 1075 82 28 nach
1975 1075 74 28 dem
2064 1076 136 39 heiligen

825 1113 119 39 Gregor
962 1113 217 29 unermeßlich
1200 1113 80 29 sind.
1301 1114 85 28 Aber
1404 1114 57 28 wie
1480 1115 184 29 floskelhaft
1684 1116 95 29 wirkt
1799 1126 66 19 nun
1886 1118 83 28 diese
1988 1122 100 25 matte
2107 1120 79 30 Wen­

823 1158 86 37 dung
927 1167 73 19 zum
1018 1157 232 29 Himmlischen
1269 1167 55 18 am
1343 1158 128 33 Schluß,
1490 1159 82 28 nach
1587 1160 54 27 der
1655 1160 130 28 kühnen
1799 1160 208 39 Umdeutung
2019 1163 55 28 des
2091 1163 109 30 Sinnes

823 1201 55 28 der
904 1202 79 37 Sage
1006 1201 49 28 ins
1080 1201 152 29 Höfische
1255 1202 67 27 und
1346 1202 73 28 dem
1441 1202 205 38 praktischen
1669 1204 65 28 Rat
1755 1204 54 28 des
1832 1204 159 35 „Texte“:

1210 1281 38 29 Se
1263 1281 39 28 de
1315 1281 117 29 laurier
1447 1291 159 20 couronne
1621 1284 90 28 avoir

1206 1325 103 29 Veulx
1323 1325 56 37 qui
1393 1325 120 29 mieulx
1527 1328 91 28 vault
1634 1337 61 28 que
1709 1329 56 27 nul
1779 1329 90 29 avoir

1205 1368 148 39 Dampne
1367 1372 33 26 te
1414 1369 150 31 convient
1580 1372 148 37 poursuir

1204 1413 43 29 Et
1261 1415 39 27 tu
1312 1413 108 29 lauras
1434 1423 58 28 par
1507 1414 74 30 bien
1595 1416 115 28 servir!

901 1493 102 28 Allein
1019 1493 93 37 lange
1130 1493 98 29 bevor
1246 1492 156 30 Christine
1420 1494 56 28 auf
1492 1494 84 29 diese
1594 1494 102 30 Weise
1714 1496 73 28 dem
1804 1496 257 39 burgundischen
2077 1498 123 30 Zeitstil

819 1537 154 38 huldigte,
992 1537 93 28 hatte
1103 1537 67 28 sich
1186 1536 46 29 im
1251 1537 106 30 Süden
1375 1537 54 29 der
1448 1538 96 29 Mann
1562 1539 56 29 der
1638 1539 79 38 Sage
1734 1540 207 39 bemächtigt,
1961 1542 55 28 der
2033 1542 88 29 nicht
2139 1552 61 20 nur

820 1591 54 19 am
898 1582 91 29 Ende
1015 1582 56 28 des
1097 1581 211 36 Mittelalters,
1339 1583 136 28 sondern
1500 1584 83 29 auch
1608 1594 53 19 am
1685 1586 148 36 Aufgang
1858 1586 55 29 der
1939 1587 133 28 Neuzeit
2097 1588 101 29 steht:

821 1626 187 29 Petrarca.
1033 1626 76 28 Und
1124 1635 33 19 er
1172 1625 41 30 ist
1229 1636 43 25 es,
1289 1627 54 28 der
1360 1628 56 27 der
1432 1627 96 30 Fabel
1544 1638 79 19 neue
1640 1629 106 28 Macht
1763 1630 77 28 über
1856 1630 49 29 die
1923 1631 123 28 Herzen
2061 1631 139 40 gegeben

818 1670 68 35 hat,
905 1670 109 29 indem
1031 1679 34 19 er
1083 1672 93 26 unter
1194 1670 237 39 Ausschaltung
1449 1672 75 28 alles
1544 1673 362 38 Religiös-Moralischen
1924 1675 67 28 und
2009 1678 92 26 unter
2120 1685 80 30 ganz

818 1723 98 20 neuer
934 1714 184 38 Befragung
1143 1714 56 28 des
1222 1715 110 28 reinen
1350 1715 191 30 Ovidtextes
1566 1717 85 28 seine
1676 1718 523 39 humanistisch-subjektive

820 1759 153 37 Deutung
992 1758 59 28 mit
1072 1758 95 28 allem
1185 1758 194 30 Nachdruck
1397 1760 55 28 der
1471 1759 84 30 Welt
1574 1761 152 37 übergab.

899 1803 93 27 Diese
1015 1812 81 19 neue
1120 1802 153 39 Deutung
1295 1804 116 28 beruht
1434 1804 117 29 einmal
1574 1806 56 27 auf
1652 1805 55 28 der
1733 1805 244 40 Gleichsetzung
1999 1817 64 18 von
2086 1807 113 39 Apollo

818 1846 67 29 und
905 1847 73 28 dem
997 1847 142 33 Dichter,
1161 1846 30 28 d.
1205 1847 31 28 h.
1259 1848 149 28 Petrarca
1427 1848 108 35 selbst,
1556 1859 64 18 von
1640 1850 137 28 Lorbeer
1797 1850 66 29 und
1883 1851 230 29 Dichterkrone
2133 1851 66 30 und

818 1889 116 30 damit:
951 1890 118 29 Ruhm.
1085 1890 88 37 Jetzt
1185 1890 69 38 jagt
1268 1892 55 28 der
1335 1892 204 38 apollinische
1553 1894 78 28 Poet
1644 1894 74 28 dem
1728 1894 91 28 lauro
1831 1894 91 34 nach,
1937 1905 56 18 um
2004 1896 49 28 die
2066 1896 131 29 höchste

817 1933 118 30 Würde
949 1934 68 29 hier
1031 1936 57 27 auf
1102 1934 107 30 Erden
1223 1945 40 19 zu
1276 1936 174 29 erreichen:
1467 1946 55 19 um
1536 1940 95 35 poeta
1645 1938 162 28 laureatus
1822 1948 39 19 zu
1875 1940 139 33 werden;
2030 1939 66 29 und
2109 1949 33 19 es
2155 1940 42 29 ist

817 1987 67 20 nun
909 1978 161 29 natürlich
1096 1978 84 29 Ovid
1204 1980 99 29 selbst
1329 1981 60 28 mit
1414 1981 107 28 seinen
1549 1982 241 34 Schlußversen,
1817 1983 55 28 der
1898 1984 72 28 dem
1995 1983 131 29 Dichter
2151 1984 47 29 als

818 2022 104 38 Zeuge
944 2022 102 29 dient:

1102 2107 6 6 .
1125 2107 28 6 ..
1167 2087 34 26 at
1217 2086 140 29 coniunx
1371 2086 153 40 quoniam
1537 2096 72 20 mea
1623 2096 64 20 non
1702 2089 91 36 potes
1808 2098 76 25 esse,

1097 2128 95 29 arbor
1206 2130 61 29 eris
1281 2132 94 33 certe,
1392 2130 92 34 dixit,
1501 2139 81 22 mea.
1598 2141 125 28 semper
1736 2131 165 30 habebunt

1097 2175 32 25 te
1144 2182 101 26 coma,
1260 2177 33 26 te
1308 2174 151 36 citharae,
1474 2177 32 26 te
1521 2177 136 32 nostrae,
1673 2176 97 33 laure,
1786 2176 181 37 pharetrae:
1983 2194 35 2 —

815 2267 41 3 —
874 2250 119 35 Worte,
1013 2252 51 28 die
1083 2252 114 28 vorher
1216 2253 88 28 nicht
1324 2253 187 30 unbekannt
1530 2264 141 28 gewesen
1690 2264 115 25 waren,
1826 2255 95 30 deren
1941 2256 182 39 Beziehung
2141 2258 56 29 auf

816 2295 61 27 den
896 2295 132 29 Dichter
1046 2296 99 28 selbst
1165 2313 40 3 —
1223 2297 84 28 Ovid
1325 2298 76 28 oder
1419 2298 107 29 seinen
1545 2299 202 28 Nacheiferer
1765 2316 41 3 —
1823 2299 74 29 dem
1916 2301 186 29 Mittelalter
2120 2302 76 29 aber

898 2391 23 30 1)
934 2391 131 31 „Epistre
1081 2399 53 23 que
1145 2392 98 28 Othea,
1261 2393 80 24 deese
1357 2393 34 23 de
1408 2394 147 31 prudence,
1575 2402 108 23 envoya
1701 2403 16 15 a
1736 2396 105 23 Hector
1852 2397 34 22 de
1896 2397 116 30 Troye“,
2026 2396 93 24 Druck
2130 2405 25 15 u.
2167 2405 25 15 a.

816 2427 82 22 unter
909 2427 64 22 dem
984 2427 84 23 Titel:
1082 2427 71 27 ,,Les
1164 2427 69 24 Cent
1244 2428 128 24 histoires
1384 2429 33 22 de
1429 2429 117 31 Troye“,
1556 2430 77 22 Paris
1645 2437 20 16 s.
1678 2438 24 15 a.
1718 2432 79 30 (1490
1808 2431 20 30 ?)
1843 2431 102 24 beiPh.
1955 2432 159 30 Pigouchet.
2125 2433 56 23 Ent­

815 2461 118 23 standen
950 2469 48 16 um
1019 2470 74 22 1402,
1117 2464 66 28 1460
1202 2470 55 16 von
1277 2463 92 24 Mielot
1390 2464 195 28 überarbeitet,
1606 2472 20 16 s.
1642 2468 87 21 unten
1744 2467 26 22 S.
1786 2469 39 21 16.
1840 2467 60 30 Vgl.
1913 2468 28 22 P.
1959 2468 31 22 G.
2003 2467 27 23 C.
2043 2466 149 32 Campbell,

815 2491 130 36 L'Ppitre
959 2497 128 28 d'Othea,
1108 2498 78 23 Paris
1203 2506 73 24 1924,
1293 2499 82 30 24ff.;
1396 2500 36 22 M.
1448 2500 25 30 J.
1486 2499 89 28 Pinet,
1591 2500 138 24 Christine
1748 2502 34 23 de
1802 2502 90 27 Pisan,
1909 2503 76 23 Paris
2002 2509 73 23 1927,
2092 2502 99 31 272ff.;

814 2531 49 22 Ph.
877 2532 31 22 A.
925 2532 113 27 Becker,
1056 2534 27 22 Z.
1095 2533 19 23 f.
1126 2533 48 23 frz.
1189 2533 59 32 Spr.
1267 2541 74 24 1931,
1360 2542 55 22 144.
