2464 3159
219 347 54 24 Die
284 345 83 33 Oper;
383 343 104 25 Händel
1546 333 41 34 55

221 409 59 29 auf
297 406 123 32 offener
441 405 97 32 Szene
559 406 99 29 Emst
676 400 149 42 gemacht
845 408 74 21 war.
942 400 44 28 Es
1004 398 90 29 heißt
1113 397 74 31 dort
1206 397 33 30 in
1257 400 127 38 engster
1402 397 189 41 Anlehnung

223 461 42 20 an
285 450 99 31 Ovid:

430 516 40 29 D.
484 514 28 30 0
526 514 98 30 Vater
637 511 134 35 Peneus,
785 508 68 30 nim
866 506 86 32 mich
965 516 54 26 an,

480 558 82 29 Dein
577 553 219 33 unbeflecktes
809 551 98 30 Kind.
922 551 29 29 0
964 550 107 35 Vater,
1086 550 75 30 hilff
1173 549 82 31 doch
1269 550 73 35 mir,

482 601 51 30 Im
543 601 58 30 fall
612 599 53 30 ein
680 597 82 31 Fluß
775 595 83 31 auch
871 593 107 32 helfen
991 594 78 30 kan.

480 643 137 35 Bedeck,
632 652 20 20 o
664 641 98 36 Erde,
777 640 100 35 mich;
892 639 68 30 nim
972 647 41 20 zu
1025 638 51 28 dir
1090 636 103 31 meine
1206 637 104 36 Ziehr,

479 686 186 40 Verschling
677 684 56 37 sie,
747 683 77 30 oder
836 683 54 30 laß
903 683 67 29 sich
985 681 126 30 meinen
1124 680 79 30 Leib
1216 679 178 32 verkehren

481 733 38 28 In
531 734 111 32 etwas,
656 728 135 31 welches
805 727 85 30 mich
905 727 64 28 kan
983 725 56 30 der
1052 725 114 38 gewalt
1180 723 171 31 erwehren.

431 777 38 29 A.
487 776 64 30 Soll
564 775 84 29 denn
661 773 51 29 ihr
726 772 114 29 harten
856 769 127 31 Rinden

482 819 62 30 Die
556 816 206 33 unbefleckte
775 815 94 30 Ziehr

485 862 42 32 So
540 862 102 31 Hertz
655 859 68 32 und
740 858 76 31 Sinn
831 858 62 30 mir
907 856 123 31 kundte
1044 855 120 31 binden

484 907 40 30 In
535 906 81 30 euch
630 904 155 31 verdeckt
799 902 68 30 sein
879 902 54 30 für
946 901 68 30 und
1027 900 52 30 für
1089 900 14 30 ?
1118 923 7 7 .
1140 922 29 7 ..

226 979 79 31 Hier
321 980 42 28 ist
380 979 68 28 also
465 986 73 22 zum
554 979 105 28 ersten
679 974 81 31 Male
777 973 61 30 seit
855 972 75 31 dem
948 978 46 31 15.
1010 969 221 41 Jahrhundert
1248 970 56 29 der
1321 968 199 40 Höhepunkt
1536 975 65 22 von

226 1025 118 30 Flucht
368 1023 69 28 und
462 1020 196 41 Verfolgung
683 1020 68 29 und
776 1018 52 30 die
854 1015 235 41 Verwandlung
1113 1014 100 31 selbst
1238 1013 145 30 wirklich
1407 1010 195 41 dargestellt,

227 1068 90 31 nicht
341 1067 59 30 wie
423 1066 52 29 bei
493 1064 169 31 Rinuccini
685 1072 61 22 nur
762 1061 123 31 erzählt
903 1060 141 36 worden;
1069 1059 56 30 der
1143 1057 105 31 Baum
1263 1058 57 29 hat
1338 1066 53 20 am
1410 1055 117 31 Schluß
1544 1062 59 23 vor

228 1113 115 38 Apollo
360 1111 68 30 und
445 1110 73 30 dem
535 1109 182 30 Beschauer
734 1108 57 28 auf
807 1106 56 28 der
881 1105 114 30 Bühne
1011 1103 187 41 gestanden,
1216 1102 68 30 und
1299 1111 34 20 es
1350 1100 108 30 wurde
1475 1108 56 20 um
1546 1098 57 30 ihn

229 1157 114 30 herum
349 1157 146 38 getanzt;
511 1154 136 39 Daphne
663 1152 79 30 muß
756 1151 67 29 also
836 1149 84 31 wohl
931 1148 176 40 regelrecht
1121 1156 41 21 an
1170 1146 87 30 einer
1267 1144 226 32 Seitenkulisse
1505 1149 100 34 gegen

230 1201 62 30 den
311 1199 138 31 Lorbeer
467 1194 272 44 ,,ausgetauscht'‘
759 1194 127 32 worden
905 1193 77 31 sein.
1004 1193 74 30 Man
1096 1190 82 40 gäbe
1197 1189 63 31 viel
1278 1189 126 35 darum,
1423 1198 40 20 zu
1480 1185 124 37 wissen,

232 1254 66 21 was
314 1244 130 30 Schütz’
459 1240 234 33 dramatisches
709 1238 100 32 Genie
824 1247 60 21 aus
898 1237 103 31 dieser
1019 1236 98 30 Szene
1131 1234 150 41 gemacht
1297 1234 68 35 hat,
1382 1242 57 20 um
1452 1241 37 20 so
1503 1229 103 37 mehr,

233 1289 47 30 als
297 1299 34 18 es
348 1298 67 19 nun
431 1290 85 27 etwa
533 1287 41 28 80
592 1284 101 40 Jahre
711 1283 121 30 dauern
848 1280 104 37 sollte,
970 1280 58 31 ehe
1045 1280 69 30 sich
1130 1279 52 29 ein
1200 1276 143 33 wirklich
1358 1273 249 43 schöpferischer

234 1332 90 32 Geist
344 1331 116 31 wieder
479 1329 137 32 dieselbe
636 1328 146 39 Aufgabe
801 1326 116 31 stellte.
920 1326 11 17 1
934 1326 10 37 )
978 1325 90 29 Zwar
1088 1324 51 29 die
1162 1322 78 39 1708
1258 1323 34 28 in
1313 1320 167 40 Hamburg
1498 1318 94 39 aufge­

232 1378 110 30 führte
356 1376 97 39 Oper
471 1375 56 30 des
544 1374 121 39 jungen
678 1371 149 32 Händel
843 1370 43 30 ist
905 1368 175 40 gleichfalls
1098 1366 145 32 verloren
1260 1373 176 32 gegangen;
1455 1363 77 30 aber
1549 1361 58 31 wir

233 1420 143 31 besitzen
392 1419 81 30 doch
488 1418 86 31 seine
601 1418 101 29 etwas
723 1417 109 36 später
847 1414 33 29 in
896 1414 117 30 Italien
1028 1410 210 32 entstandene
1253 1409 155 30 herrliche
1424 1405 182 34 Kantate:

236 1465 47 30 La
298 1466 87 27 terra
402 1473 18 19 e
433 1461 147 32 liberata.
582 1461 13 18 2
596 1461 12 37 )

317 1508 95 30 Diese
435 1505 142 32 Kantate
598 1504 53 29 für
671 1502 79 31 zwei
773 1499 234 38 Solostimmen,
1035 1499 56 28 auf
1111 1496 158 33 farblosen
1290 1494 216 31 italienischen
1527 1493 82 32 Text

234 1553 86 30 eines
335 1549 247 38 Unbekannten,
595 1547 134 40 beginnt
743 1545 60 30 mit
817 1545 86 30 einer
918 1541 278 32 Renommierrede
1210 1539 132 42 Apollos
1353 1539 79 29 über
1445 1539 52 30 die
1510 1531 87 39 Über­

237 1596 150 39 windung
406 1593 159 40 Pythons;
589 1592 103 30 seiner
715 1589 100 30 daran
835 1586 240 41 angeknüpften
1095 1584 216 41 Verspottung
1330 1584 114 29 Amors
1461 1582 81 38 folgt
1561 1581 51 29 die

241 1640 104 31 Strafe
360 1640 56 29 des
430 1636 182 42 Mächtigen
628 1636 58 29 auf
699 1634 75 30 dem
788 1633 105 30 Fuße:
908 1631 115 40 Apollo
1037 1628 136 31 erblickt
1188 1627 52 31 die
1254 1630 87 27 zarte
1355 1626 149 40 Daphne,
1518 1624 94 31 wirbt

238 1695 56 20 um
314 1684 57 36 sie,
393 1684 82 28 wird
496 1680 218 36 verschmäht,
737 1675 264 34 umschmeichelt
1025 1675 68 28 und
1114 1672 139 32 bedroht
1275 1673 46 29 sie
1343 1671 190 39 vergeblich.
1557 1668 58 30 Bis

238 1729 124 30 hierher
377 1728 41 29 ist
435 1727 85 30 diese
535 1724 252 31 herkömmliche
804 1721 144 39 Fassung
964 1720 56 29 der
1037 1718 98 29 Fabel
1150 1718 33 28 in
1200 1714 141 33 üblicher
1357 1714 101 30 Weise
1474 1716 32 27 in
1525 1713 89 30 Rezi-

238 1773 104 31 tative
356 1772 69 30 und
438 1771 98 31 Arien
550 1769 173 40 eingeteilt,
740 1767 119 34 derart,
876 1765 64 30 daß
956 1764 32 29 in
1004 1763 63 30 den
1080 1765 141 27 ersteren
1237 1760 56 30 der
1309 1759 162 39 Fortgang
1485 1758 55 30 der
1557 1757 44 29 Er­

241 1816 148 40 zählung,
405 1816 32 29 in
451 1814 164 35 letzteren,
632 1813 51 30 die
699 1811 66 30 sich
781 1808 216 33 allenthalben
1012 1817 40 20 zu
1067 1807 56 29 der
1137 1803 233 42 regelmäßigen
1385 1802 96 31 Form
1495 1802 55 29 der
1566 1800 50 30 Da

242 1860 173 40 Capo-Arie
435 1858 133 35 runden,
591 1858 55 29 der
667 1854 181 41 „lyrische"
872 1851 118 32 Gehalt
1011 1851 56 30 der
1090 1849 98 31 Szene
1210 1847 90 32 Platz
1320 1847 113 30 findet.
1454 1846 68 29 Das
1541 1843 77 32 alles

242 1905 86 30 wirft
341 1913 67 21 nun
416 1902 128 31 Händel
556 1912 57 20 um
625 1903 95 27 unter
732 1899 75 29 dem
817 1894 250 43 gebieterischen
1076 1891 177 38 Eindruck,
1265 1892 63 29 den
1336 1892 52 30 die
1396 1888 210 43 Verfolgungs­

243 1959 92 20 szene
355 1949 59 29 auf
433 1947 85 30 seine
540 1945 172 31 Phantasie
734 1943 146 31 ausübte.
903 1939 116 31 Waren
1040 1938 106 30 bisher
1167 1935 150 41 nirgends
1337 1936 51 30 die
1412 1932 132 33 Gesetze
1564 1931 56 30 des

241 1992 169 40 spezifisch
429 1986 459 38 musikalisch-strukturellen,
907 1981 227 42 „zyklischen“
1153 1978 204 42 Zeitbegriffs
1373 1975 195 38 übertreten,
1584 1976 35 28 in

244 2038 57 29 der
321 2033 274 43 Verfolgungsarie
616 2051 42 3 —
677 2031 143 40 zugleich
842 2024 316 45 Verwandlungsarie
1179 2041 41 4 —
1238 2024 116 38 erfolgt
1376 2022 56 31 der
1453 2018 167 43 plötzliche

246 2080 163 31 Einbruch
421 2080 57 29 der
489 2074 401 44 handlungsgebundenen,
903 2067 357 45 richtunggebundenen
1273 2068 32 29 in
1319 2066 84 32 diese
1417 2061 201 45 „zyklische“

247 2124 78 31 Zeit.
328 2125 13 18 3
343 2125 10 37 )
382 2124 90 29 Zwar
484 2122 57 30 der
564 2121 133 31 Dichter
711 2120 90 29 hatte
816 2118 52 29 für
882 2117 86 31 diese
983 2116 74 29 Arie
1071 2115 52 28 die
1136 2110 215 42 gewöhnliche
1365 2110 98 29 Form
1473 2107 149 41 gewählt,

249 2169 58 29 wie
327 2169 44 28 sie
390 2168 83 28 allen
491 2165 139 31 anderen
648 2163 164 40 zugrunde
830 2160 93 40 liegt:

332 2248 25 30 1)
376 2246 52 24 Die
454 2245 79 26 nicht
559 2244 173 26 zahlreichen
758 2239 213 29 musikalischen
994 2237 223 33 Bearbeitungen
1238 2237 49 23 der
1309 2231 195 28 Zwischenzeit
1525 2230 100 25 führen

252 2283 108 28 Solerti,
383 2282 38 23 Le
440 2279 106 34 origini,
560 2289 24 16 a.
596 2288 25 16 a.
632 2280 43 27 O.,
693 2279 27 25 S.
732 2285 59 24 241,
814 2275 127 26 Sonneck
959 2276 59 23 und
1038 2272 123 29 Reisner,
1175 2279 26 16 a.
1211 2278 26 18 a.
1248 2271 43 28 O.,
1305 2270 61 28 auf;
1385 2268 133 25 darunter
1536 2265 76 26 befin­

251 2319 55 24 den
335 2317 61 24 sich
414 2315 147 26 immerhin
581 2315 99 25 Werke
700 2321 58 16 von
777 2312 107 26 Cavalli
904 2311 101 31 (1640),
1026 2308 151 32 Bontempi
1198 2306 89 33 (1671)
1309 2306 58 24 und
1388 2303 83 25 Louis
1480 2300 41 32 (?)
1543 2299 83 36 Lully

253 2350 277 36 („Divertissement"
552 2350 88 31 1696).

333 2388 26 31 2)
379 2386 108 29 Werke,
504 2386 73 30 hrsg.
593 2392 58 17 von
661 2384 46 24 Fr.
720 2382 182 34 Chrysander,
919 2382 82 23 Band
1010 2381 54 23 LII
1075 2381 25 22 B
1111 2379 49 24 Nr.
1175 2379 40 23 16.
1227 2377 62 32 Vgl.
1302 2376 72 25 dazu
1386 2375 44 24 Fr.
1440 2370 183 37 Chrysander,

254 2424 35 25 G.
300 2424 31 23 F.
343 2421 121 30 Händel,
478 2421 113 33 Leipzig
606 2420 76 30 1858,
699 2419 24 28 I,
738 2419 60 30 238,
813 2418 64 24 ebd.
894 2417 28 25 S.
935 2417 51 30 138
1000 2416 68 24 über
1082 2415 46 23 die
1141 2412 142 26 verlorene
1298 2410 82 33 Oper.
1398 2407 145 27 Szenische
1558 2405 55 26 Auf­

255 2459 121 32 führung
395 2457 49 24 der
464 2456 124 26 Kantate
607 2456 45 23 bei
670 2455 55 24 den
746 2452 146 33 Göttinger
912 2449 278 35 Händelfestspielen,
1211 2447 124 26 Sommer
1356 2446 75 29 1928.

335 2494 26 30 3)
380 2492 83 25 Diese
482 2489 119 34 Begriffe
618 2491 73 24 habe
709 2490 46 23 ich
767 2490 82 23 unter
862 2484 196 35 Besprechung
1071 2485 49 24 des
1133 2482 124 33 gleichen
1270 2481 98 25 Werks
1380 2476 200 29 ausführlicher
1594 2485 33 15 zu

255 2527 167 28 entwickeln
440 2526 130 25 versucht
589 2525 41 25 in:
653 2534 44 22 „4.
710 2524 131 30 Kongreß
859 2522 45 25 für
921 2516 131 30 Ästhetik
1070 2520 57 23 und
1146 2517 161 32 allgemeine
1327 2511 298 31 Kunstwissenschaft"
