2409 3159
844 357 19 29 4

1452 352 272 29 Bedeutungswandel
1738 359 58 15 vom
1810 351 153 23 Mittelalter
1976 357 47 16 zur
2038 351 180 24 Renaissance

844 420 76 35 [fast
935 417 257 35 unübersetzbar,
1208 419 97 26 etwa:

948 489 64 27 Für
1026 488 62 28 den
1104 486 91 30 Geist
1209 487 53 27 der
1278 484 126 30 Weisen
1417 486 97 36 grünt
1529 485 85 28 diese
1629 482 268 41 Baumjungfrau,

844 564 41 36 (d.
900 564 30 28 h.
947 563 50 29 die
1013 561 125 31 Weisen
1152 562 71 28 sind
1237 561 66 28 sich
1319 560 100 29 dieses
1437 559 91 29 Sinns
1544 560 55 28 der
1615 559 97 29 Fabel
1726 558 141 40 bewußt)

941 634 59 28 Die
1018 634 80 37 grün
1121 631 182 38 (Jungfrau)
1324 630 110 35 bleibt,
1454 630 81 28 auch
1554 640 91 18 wenn
1665 629 43 28 sie
1727 629 91 28 flieht
1837 629 66 28 und
1922 627 55 29 der
1996 627 224 38 Anstrengung

1853 671 120 39 erliegt.

941 723 63 27 Der
1021 719 232 39 jungfräuliche
1272 718 135 28 Lorbeer
1424 717 42 28 ist
1485 717 158 28 Phoebus’
1663 716 107 29 Kranz
1789 715 194 35 „Weisheit“
2002 714 177 39 geworden,

941 766 89 28 Nach
1046 764 54 29 der
1116 763 54 28 der
1186 762 127 28 Mensch
1328 761 176 39 begierigen
1522 761 123 28 Geistes
1659 760 124 39 strebt.]

840 842 57 28 Bei
922 841 74 27 dem
1014 837 161 31 Verfasser
1201 837 54 28 des
1275 836 100 29 Ovide
1395 836 146 28 moralise
1567 837 66 27 und
1658 835 50 29 bei
1728 835 147 37 Berfuire
1894 834 75 29 aber
1987 834 43 28 ist
2049 834 56 28 der
2124 833 98 29 Ovid-

838 888 71 25 text
925 884 75 28 oder
1015 881 84 31 seine
1114 881 219 28 Assimilation
1348 890 41 19 an
1404 880 50 28 die
1470 880 166 28 Tradition
1651 879 55 29 der
1722 878 255 39 Mythographen
1992 887 60 19 nur
2066 878 82 28 noch
2164 878 57 27 das

839 928 185 29 Präludium
1039 926 52 29 für
1107 925 50 28 die
1168 925 88 28 Fülle
1273 925 55 28 der
1344 924 114 29 darauf
1474 924 178 37 folgenden,
1670 923 49 28 bis
1735 923 48 27 ins
1798 923 96 28 letzte
1911 922 227 38 ausgeführten
2155 922 66 28 Mo-

837 971 215 30 ralisationen.
1077 969 64 29 Der
1164 969 102 28 Autor
1289 969 55 28 des
1367 968 140 34 „Ovide
1530 965 197 31 moralise“
1757 966 69 37 gibt
1857 966 35 37 (s.
1906 966 82 29 Text
2002 965 26 37 I)
2053 966 82 28 nach
2164 966 56 27 der

839 1009 319 43 Ovid-Übersetzung
1181 1013 153 28 zunächst
1359 1012 68 28 eine
1451 1012 60 27 Art
1535 1010 252 39 physikalischer
1811 1009 182 38 Auslegung
2018 1010 41 36 (v.
2074 1009 144 37 3065ff.),

838 1061 57 27 wie
916 1060 43 29 sie
980 1057 127 30 ähnlich
1128 1057 96 28 schon
1246 1056 50 29 die
1318 1056 257 38 Mythographen
1595 1054 105 29 haben
1721 1054 66 28 und
1807 1054 50 27 die
1878 1053 115 29 darauf
2010 1053 209 33 hinausläuft,

838 1104 64 28 daß
921 1101 149 30 Phoebus
1087 1100 51 29 die
1159 1100 104 28 Sonne
1280 1099 164 35 bedeutet,
1464 1100 98 27 deren
1582 1097 148 30 Strahlen
1748 1100 85 25 samt
1851 1097 56 28 der
1925 1096 220 39 Feuchtigkeit
2163 1097 58 28 das

838 1148 104 28 reiche
959 1145 162 30 Gedeihen
1140 1153 64 19 von
1220 1144 136 28 Lorbeer
1378 1152 53 18 am
1445 1142 133 28 Peneios
1591 1141 209 30 hervorrufen
1817 1141 62 36 (bei
1894 1140 170 29 Boccaccio
2077 1141 42 27 ist
2135 1141 86 28 dann

839 1192 136 36 Daphne
1004 1188 98 31 selbst
1131 1188 50 27 die
1210 1186 199 39 humiditas).
1441 1187 44 27 Es
1513 1187 82 36 folgt
1624 1185 68 29 eine
1723 1183 288 35 „aufklärerische“
2041 1184 181 37 Auslegung

841 1235 41 36 (v.
897 1241 78 30 3075
982 1234 60 37 ff.),
1063 1232 82 28 nach
1166 1231 55 28 der
1240 1231 68 28 eine
1329 1230 137 29 keusche
1487 1230 172 28 damoisele
1680 1228 91 29 Dane
1791 1237 57 19 vor
1868 1228 104 28 einem
1991 1227 82 28 allzu
2093 1227 129 29 kühnen

841 1279 153 37 Jüngling
1014 1276 127 30 Phebus
1160 1275 77 34 floh,
1258 1275 80 28 und:

1469 1352 7 9 ,
1492 1351 6 5 .
1514 1351 7 4 .
1537 1351 5 4 .
1560 1330 73 25 tant
1648 1327 92 29 corut

1222 1373 46 27 La
1283 1371 79 35 bele,
1379 1371 95 38 qu'en
1489 1371 106 28 fuiant
1611 1372 118 33 morut,

1222 1417 79 28 Ains
1315 1425 62 29 que
1391 1416 41 27 eil
1445 1416 95 28 l’eüst
1555 1413 165 31 desfloree.

1226 1461 79 28 Sous
1320 1470 44 19 un
1378 1459 94 29 lorier
1486 1460 51 28 fut
1552 1460 152 28 enterree.

1224 1506 84 27 Pour
1323 1514 34 19 ce
1372 1504 36 28 fu
1421 1503 31 29 la
1466 1503 85 29 fable
1568 1504 131 28 trouvee

1228 1548 108 39 Qu’ele
1351 1548 34 29 fu
1400 1557 39 19 en
1454 1547 93 28 lorier
1564 1555 101 27 muee,

1222 1594 84 27 Pour
1320 1603 34 19 ce
1370 1592 114 37 qu’elle
1500 1593 35 28 fu
1549 1592 107 38 vierge
1671 1594 32 26 et
1719 1601 78 27 pure
1813 1614 6 5 .
1835 1614 6 5 .
1858 1614 6 5 .

918 1672 59 28 Mit
1002 1671 90 29 mehr
1116 1669 88 30 Eifer
1228 1669 67 28 und
1319 1668 95 29 Liebe
1439 1668 127 28 wendet
1590 1667 67 29 sich
1682 1667 86 28 dann
1792 1666 55 28 der
1871 1665 104 29 Autor
1999 1664 85 28 einer
2110 1665 112 33 „autre

838 1719 147 27 sentence
1000 1713 230 41 profitable"
1246 1722 54 24 zu;
1314 1722 34 19 es
1361 1712 44 28 ist
1419 1712 51 28 die
1484 1712 84 28 oben
1582 1711 99 29 schon
1694 1711 152 28 berührte
1860 1709 198 37 Auffassung
2071 1707 154 38 Daphnes

838 1761 46 29 als
900 1757 266 31 Personifikation
1182 1757 55 29 der
1255 1756 302 38 Jungfräulichkeit,
1574 1756 50 28 die
1640 1764 58 20 aus
1713 1754 229 37 Frömmigkeit
1957 1752 67 30 sich
2038 1755 72 25 treu
2124 1751 100 29 bleibt

838 1805 67 29 und
926 1804 45 28 im
993 1803 147 35 Lorbeer,
1164 1802 74 28 dem
1258 1799 408 39 immergrün-fruchtlosen
1689 1799 105 28 Baum
1820 1798 51 28 ihr
1896 1796 160 29 Gleichnis
2084 1794 112 30 findet.
2200 1794 12 17 1
2214 1795 9 37 )

841 1848 189 30 Schließlich
1046 1847 76 29 aber
1138 1846 71 38 fügt
1227 1846 54 28 der
1298 1844 132 30 Dichter
1446 1844 82 29 noch
1545 1844 69 28 eine
1631 1843 101 29 vierte
1748 1842 184 37 Auslegung
1947 1840 51 29 bei
2017 1839 41 38 (v.
2073 1838 149 39 32i5ff.):

839 1893 136 38 Daphne
994 1891 153 30 bedeutet
1168 1890 49 28 die
1237 1890 113 37 heilige
1373 1888 159 38 Jungfrau
1553 1888 111 34 Maria,
1685 1887 50 28 die
1758 1884 232 39 Jesus-Apollo,
2010 1884 130 28 lumiere
2160 1883 64 29 dou

839 1937 124 34 monde,

1480 1981 51 7 ...
1545 1961 58 35 pot
1617 1960 72 27 tant
1704 1966 87 19 amer

1214 2004 82 38 Qu’a
1309 2004 44 28 lui
1367 2013 33 19 se
1415 2003 68 28 volt
1497 2002 219 29 charnelment
1731 2001 134 38 joindre,

839 2083 67 29 und
922 2092 91 18 wenn
1030 2090 33 20 er
1080 2079 66 30 sich
1164 2080 59 28 mit
1239 2079 61 34 ihr,
1318 2078 50 30 die
1386 2079 55 28 der
1459 2078 137 29 Lorbeer
1614 2077 97 35 „ist“,
1730 2077 106 33 krönt,
1854 2085 35 19 so
1905 2074 151 29 bedeutet
2075 2073 67 35 das,
2161 2073 63 29 daß

839 2127 43 30 sie
899 2127 56 28 ihn
972 2127 47 27 als
1038 2123 224 31 Gott-Mensch
1279 2124 33 27 in
1329 2123 66 29 sich
1413 2123 184 28 aufnimmt.
1616 2121 112 29 Damit
1745 2120 89 29 führt
1852 2120 55 28 der
1924 2117 301 39 Allegorienhunger

841 2180 40 20 an
901 2171 49 27 die
969 2169 119 29 Grenze
1104 2168 54 29 des
1174 2167 167 28 Faßbaren
1357 2167 65 29 und
1438 2167 50 27 für
1506 2167 131 37 Spätere
1653 2164 232 38 Erträglichen:
1903 2162 119 30 Luther
2037 2162 57 27 hat
2110 2161 114 38 gerade

841 2215 83 29 diese
947 2213 151 37 Deutung
1119 2211 58 29 mit
1201 2210 202 39 Entrüstung
1423 2211 113 28 zitiert.
1540 2210 11 16 2
1554 2210 10 37 )

920 2258 96 28 Nicht
1038 2255 123 30 minder
1182 2254 200 38 kompliziert
1404 2255 67 27 und
1491 2254 136 28 vielfach
1649 2252 127 30 abstrus
1797 2251 71 29 sind
1889 2251 50 28 die
1960 2249 207 39 vielfältigen,
2190 2249 32 28 in

840 2302 90 30 Buch
945 2302 32 28 II
996 2300 67 30 und
1082 2299 61 29 XV
1161 2299 55 28 des
1234 2298 255 35 „Rfeductorium
1507 2297 141 29 morale“
1667 2296 207 29 enthaltenen
1892 2294 224 39 Auslegungen
2135 2293 87 28 Ber-

924 2399 22 29 1)
963 2398 51 22 Die
1037 2395 141 32 Berufung
1200 2396 48 22 des
1264 2395 102 23 Autors
1388 2394 48 23 auf
1452 2395 44 22 die
1518 2392 233 31 „Integumenta“
1775 2392 46 23 bei
1834 2392 104 24 diesem
1956 2390 138 25 Gleichnis
2108 2390 37 22 ist
2161 2395 49 17 ver­

844 2434 139 23 ständlich
1004 2434 81 22 unter
1106 2430 266 31 Berücksichtigung
1393 2430 48 22 des
1461 2430 29 22 in
1512 2430 111 22 Exkurs
1638 2429 39 26 II,
1689 2429 24 21 B
1734 2426 258 32 wiedergegebenen
2013 2425 208 31 Integumenta-

844 2469 205 23 Kommentars.
1062 2466 118 24 Freilich
1190 2466 37 22 ist
1239 2466 43 23 die
1294 2465 169 30 Auffassung
1475 2465 133 30 Daphnes
1619 2465 29 22 in
1660 2464 102 23 diesem
1776 2463 141 24 Gleichnis
1928 2462 121 23 schlecht
2061 2467 33 16 zu
2105 2459 104 23 vereini­

844 2511 52 23 gen
913 2505 51 21 mit
980 2504 48 22 der
1044 2501 112 33 Apollos
1172 2501 41 23 als
1230 2502 70 22 Dieu
1317 2502 34 22 de
1366 2500 135 31 sapience.

922 2539 24 29 2)
964 2539 26 22 S.
1010 2539 87 22 unten
1114 2537 29 23 in
1163 2537 73 29 Kap.
1249 2537 24 23 8.
