2464 3159
402 802 33 35 y.
458 785 465 41 DARSTELLUNGEN
948 785 54 33 IN
1024 785 111 34 DER
1159 781 281 39 SKULPTUR

315 889 63 29 Um
393 887 55 28 der
464 881 337 42 Verwandlungsfabel
816 881 101 30 Ovids
933 880 68 30 eine
1018 877 341 41 Vergegenwärtigung
1375 876 31 29 in
1423 876 55 29 der
1497 876 99 39 Skulp­

234 937 54 26 tur
299 942 40 20 zu
350 929 170 36 verleihen,
532 927 149 31 bedurfte
693 936 34 20 es
739 927 55 28 der
805 923 257 32 revolutionären
1077 922 185 39 Gesinnung
1274 921 54 30 des
1338 920 120 40 jungen
1470 920 139 31 Bernini.

317 975 103 30 Selbst
441 974 54 28 der
516 970 215 32 Hellenismus
749 969 91 30 hatte
859 969 68 29 sich
946 978 61 19 nur
1026 978 41 19 an
1087 968 55 28 der
1162 965 218 31 Einzelstatue
1401 964 54 29 der
1475 964 136 38 Daphne

235 1019 164 36 versucht;
413 1028 32 19 es
457 1018 41 28 ist
513 1027 59 18 uns
584 1015 89 31 nicht
686 1013 194 36 überliefert,
894 1012 63 30 daß
970 1012 51 30 ein
1032 1010 210 40 griechischer
1254 1010 76 29 oder
1342 1006 172 33 römischer
1526 1008 73 29 Bild­

236 1065 99 30 hauer
348 1063 50 29 die
412 1061 97 30 Szene
522 1061 46 28 im
577 1058 164 32 Anschluß
754 1068 42 19 an
810 1058 50 29 die
874 1058 52 28 bei
939 1057 61 29 den
1011 1056 120 30 Malern
1142 1054 146 30 üblichen
1299 1054 96 28 Form
1405 1052 47 29 als
1464 1051 149 40 Gruppe

238 1107 172 32 behandelt
419 1105 92 30 habe.
523 1106 37 27 In
570 1104 55 30 der
634 1103 185 29 bekannten
828 1101 131 30 antiken
970 1098 288 41 Borghese-Statue
1267 1097 80 30 fehlt
1357 1097 76 29 aber
1442 1096 172 30 außerdem

238 1153 83 30 auch
334 1152 57 29 das
405 1149 102 30 Motiv
519 1150 56 28 der
587 1148 118 30 Flucht
717 1147 112 39 völlig:
844 1146 50 28 die
908 1145 98 30 Beine
1018 1145 113 29 stehen
1142 1153 62 29 eng
1215 1143 68 28 und
1294 1141 95 38 ruhig
1400 1139 213 37 beieinander,

240 1197 50 29 die
302 1197 96 28 Arme
408 1195 72 29 sind
490 1194 99 29 kaum
598 1192 150 30 erhoben.
763 1192 51 36 Ja,
826 1191 98 29 selbst
937 1189 50 29 die
998 1187 236 40 Verwandlung
1243 1188 42 27 ist
1296 1186 33 28 in
1338 1186 51 27 ihr
1400 1184 82 30 doch
1493 1185 109 29 keines­

240 1251 82 29 wegs
338 1238 176 31 realistisch
530 1236 149 40 gegeben,
698 1236 136 29 sondern
852 1244 60 19 nur
930 1232 238 40 metaphorisch
1186 1231 205 38 angedeutet:
1411 1229 65 29 Der
1495 1229 121 38 Rumpf

241 1285 77 30 oder
338 1284 51 29 die
411 1283 98 29 Beine
530 1281 125 30 werden
675 1280 149 38 garnicht
845 1288 75 19 zum
942 1277 138 36 Stamm,
1101 1276 137 29 sondern
1259 1274 122 39 Zweige
1404 1273 66 29 und
1492 1273 125 29 Blätter

242 1328 187 31 überziehen
447 1326 73 30 leise
538 1325 115 40 gerade
672 1325 51 28 die
743 1326 132 26 unteren
895 1321 138 31 Partien.

324 1373 37 28 In
385 1372 55 29 der
464 1369 212 31 Renaissance
699 1368 126 29 werden
850 1366 56 29 wir
929 1364 213 32 anscheinend
1166 1373 60 20 nur
1250 1363 101 29 durch
1375 1361 60 29 den
1460 1361 81 29 oben
1564 1361 39 28 be­

243 1416 195 39 sprochenen
453 1414 89 29 Stich
555 1413 56 30 des
623 1412 156 38 Agostino
792 1409 180 31 Veneziano
987 1408 94 39 (Abb.
1095 1408 50 37 23)
1161 1408 57 28 auf
1230 1404 200 41 skulpturale
1443 1404 176 30 Absichten

241 1461 144 38 geführt;
398 1459 41 28 ob
451 1458 84 29 diese
547 1455 216 31 verwirklicht
776 1454 127 30 worden
915 1453 81 34 sind,
1008 1453 42 30 ist
1062 1462 81 28 ganz
1156 1450 155 30 unsicher.
1326 1448 174 32 Immerhin
1513 1448 106 29 wurde

244 1505 73 29 dort
335 1505 51 27 die
404 1502 146 38 Neigung
566 1500 154 36 sichtbar,
738 1501 178 36 zugunsten
934 1495 189 41 plastischer
1142 1493 225 40 Gruppierung
1384 1492 50 29 ein
1450 1491 158 39 Gegenein­

244 1549 107 34 ander,
372 1548 29 28 d.
415 1547 31 28 h.
466 1545 51 30 ein
535 1543 201 32 Zueinander
754 1544 56 28 der
828 1542 114 29 beiden
963 1538 238 42 Hauptfiguren
1220 1538 74 29 dem
1311 1537 122 29 Thema
1450 1535 172 39 gleichsam

243 1592 203 39 abzuringen.

324 1637 64 29 Um
409 1645 34 19 so
464 1632 240 32 verblüffender
725 1631 159 31 erscheint
907 1640 66 19 nun
995 1628 176 31 Berninis
1192 1628 130 37 Lösung
1345 1625 94 39 (Abb.
1451 1626 53 37 60)
1512 1625 12 17 x
1525 1625 22 37 ),
1570 1625 51 28 die

244 1680 159 31 durchaus
413 1689 41 19 an
464 1679 56 29 der
529 1674 354 42 einseitig-gerichteten
894 1672 195 41 Verfolgung
1098 1672 133 30 festhält
1242 1671 67 29 und
1319 1680 55 19 zur
1385 1663 238 45 Überwindung

245 1726 56 29 der
327 1724 91 29 darin
443 1722 165 40 liegenden
638 1719 279 40 Schwierigkeiten
943 1718 68 30 sich
1037 1718 45 29 im
1112 1716 130 30 Grunde
1268 1714 147 40 lediglich
1443 1712 181 39 desjenigen

247 1770 120 29 Mittels
382 1767 140 36 bedient,
540 1767 56 29 das
612 1766 117 30 vorher
745 1765 50 29 die
813 1764 127 29 Malerei
958 1763 75 38 (vgl.
1050 1772 27 19 z.
1091 1763 37 27 B.
1146 1761 50 29 die
1211 1759 116 29 relativ
1342 1758 82 29 nahe
1440 1756 184 31 verwandte

247 1813 205 39 Darstellung
463 1811 57 30 auf
531 1811 73 29 dem
619 1809 169 39 Giorgione
801 1806 285 41 zugeschriebenen
1099 1805 147 34 Cassone,
1259 1803 82 30 Abb.
1356 1801 49 39 26)
1421 1812 39 19 zu
1472 1800 154 40 gleichem

247 1858 113 29 Zweck
378 1855 199 40 ausgebildet
596 1856 106 28 hatte:
724 1854 56 29 der
801 1851 253 40 Rückwendung
1072 1851 57 28 der
1148 1849 139 38 Daphne
1307 1865 41 2 —
1366 1856 67 20 nun
1452 1845 122 30 freilich
1592 1844 35 29 in

248 1903 85 29 einer
347 1901 145 38 genialen
508 1898 112 36 Weise,
637 1899 50 28 die
703 1897 173 40 gleichsam
890 1895 69 29 eine
977 1888 225 45 Übertragung
1218 1892 101 29 dieses
1334 1887 222 43 ursprünglich
1573 1889 55 28 auf

251 1948 60 28 den
335 1945 91 39 Kopf
449 1943 237 32 beschränkten
710 1942 118 30 Motivs
851 1941 57 28 auf
929 1940 62 29 den
1013 1948 123 30 ganzen
1160 1938 127 37 Körper
1309 1934 156 31 darstellt.
1490 1934 60 30 Die
1573 1934 42 27 ab­

250 1989 199 32 schließende
475 1987 163 40 Rundung
662 1988 57 28 der
745 1984 226 39 Komposition
995 1981 197 32 übernimmt
1217 1981 81 38 jetzt
1323 1979 56 28 der
1404 1975 224 37 wundervolle,

252 2034 224 39 durchgehend
499 2032 144 31 konvexe
661 2031 129 29 Kontur
806 2030 55 29 des
877 2026 265 36 Mädchenleibes;
1160 2036 55 19 um
1231 2024 84 30 diese
1331 2022 154 39 Wirkung
1501 2031 39 20 zu
1556 2021 60 31 stei­

252 2089 87 28 gern,
357 2078 43 29 ist
419 2078 51 28 die
489 2075 166 32 werdende
675 2074 197 30 Baumrinde
890 2082 82 29 ganz
990 2072 57 29 der
1067 2072 112 28 Kurve
1198 2070 56 28 des
1272 2067 140 30 anderen
1431 2065 123 35 Beines,
1574 2065 56 29 des

254 2132 119 29 ganzen
387 2121 216 40 Oberkörpers
616 2119 205 40 angeglichen
836 2118 67 29 und
916 2116 138 36 umfaßt,
1070 2116 82 27 breit
1166 2123 63 21 von
1243 2115 99 27 unten
1356 2111 55 28 her
1425 2107 204 41 auffangend,

255 2167 50 30 die
317 2166 124 29 Gestalt
450 2166 50 28 bis
509 2175 73 18 zum
591 2165 121 29 Ansatz
722 2163 55 30 der
788 2161 253 40 Rückwendung
1049 2170 52 19 am
1112 2158 137 39 Rumpf;
1260 2156 66 30 und
1337 2155 88 38 Kopf
1435 2154 65 29 und
1508 2152 123 31 rechter

257 2212 78 28 Arm
347 2210 70 29 sind
429 2209 100 30 dieser
541 2206 205 42 großartigen
759 2205 201 39 Abrundung
972 2203 175 31 dienstbar.
1163 2202 43 30 Es
1218 2201 80 29 wird
1311 2209 34 20 so
1357 2200 33 28 in
1404 2199 55 29 der
1471 2197 147 38 richtung­

254 2253 208 41 gebundenen
482 2252 128 40 Gruppe
628 2253 68 29 eine
715 2250 159 40 zyklische
893 2246 273 33 Geschlossenheit
1183 2244 143 35 erreicht,
1346 2244 50 28 die
1414 2242 55 30 der
1487 2240 147 31 Erfinder

256 2299 56 30 des
330 2297 274 41 Agostino-Stichs
624 2297 94 37 (Abb.
731 2296 52 38 23)
809 2295 90 29 nicht
924 2293 119 31 einmal
1060 2292 101 30 durch
1181 2290 58 28 das
1260 2286 257 42 Gegeneinander
1535 2285 100 29 seiner

258 2342 139 40 Figuren
415 2342 32 28 in
466 2341 73 29 dem
557 2340 92 30 Maße
667 2341 93 28 hatte
779 2339 164 39 gewinnen
962 2337 137 30 können.

338 2381 88 35 Über
446 2386 50 28 die
521 2384 132 40 Quellen
674 2385 102 29 dieser
796 2382 182 39 Erfindung
996 2382 42 29 ist
1060 2378 202 37 mancherlei,
1283 2376 75 30 aber
1379 2375 100 39 wenig
1499 2374 123 29 Bedeut­

257 2440 105 22 sames
376 2428 148 32 bemerkt
540 2428 138 36 worden,
694 2428 68 29 und
775 2438 33 19 es
824 2437 65 20 war
905 2426 84 29 wohl
1003 2424 83 31 auch
1101 2425 82 28 stets
1198 2422 51 28 die
1265 2420 159 38 Meinung,
1440 2418 65 29 daß
1518 2416 118 39 genial-

345 2527 23 31 1)
385 2527 52 23 Die
450 2532 106 25 genaue
570 2525 154 31 Datierung
736 2525 99 23 immer
847 2524 73 23 noch
932 2521 118 33 strittig;
1066 2520 188 30 Restzahlung
1267 2525 46 16 am
1327 2524 42 16 22.
1383 2514 158 27 November
1556 2515 78 29 1625:

263 2564 41 24 St.
317 2562 164 27 Fraschetti,
501 2561 24 23 II
542 2560 122 28 Bernini,
682 2560 104 24 Milano
806 2566 74 22 1900,
902 2560 27 22 S.
942 2559 41 27 26,
996 2557 81 24 Anm.
1092 2563 22 16 1.
