2409 3159
840 354 40 29 32

1148 350 193 22 Manierismus
1356 350 54 21 und
1426 348 117 24 Barock:
1558 347 51 22 Die
1625 344 235 29 ,.transitorische"
1871 344 109 30 Gruppe
1993 344 30 22 in
2036 345 46 23 der
2094 343 112 23 Malerei

839 415 129 36 Gruppe
985 413 110 33 bildet,
1114 421 62 19 von
1193 412 105 28 rechts
1314 411 158 28 bestürmt
1490 410 66 27 und
1573 418 34 19 so
1624 409 81 27 nach
1721 407 84 28 ünks
1821 405 302 38 hinübergeworfen,
2141 406 66 27 und

838 458 81 28 doch
942 466 63 18 von
1028 456 83 28 links
1134 456 150 36 gestützt,
1310 464 33 19 so
1368 455 62 27 daß
1457 453 103 38 (unter
1585 452 135 28 Mithilfe
1745 451 54 28 des
1824 450 138 28 Baumes
1984 449 104 29 rechts
2112 449 92 36 oben)

837 501 50 28 ein
904 500 101 28 reines
1021 499 185 38 Auswiegen
1223 499 106 28 erzielt
1346 498 57 33 ist;
1423 498 49 27 die
1491 496 104 38 Köpfe
1613 496 71 28 sind
1701 505 66 18 nun
1785 503 34 20 so
1836 492 135 39 gestellt,
1991 493 62 27 daß
2072 492 48 28 die
2139 502 54 18 ver­

837 544 188 29 schiedenen
1044 543 136 28 Formen
1199 543 55 27 der
1272 542 164 37 Erregung
1454 540 138 29 deutlich
1612 539 167 28 abzulesen
1798 538 80 28 sind.

920 588 64 27 Der
1004 587 75 28 Sinn
1096 586 99 29 dieser
1213 585 223 37 Komposition
1452 602 41 2 —
1507 593 63 19 von
1587 583 168 28 ähnlichen
1772 581 167 37 Lösungen
1957 579 179 28 Poussins
2151 579 57 28 soll

839 631 106 29 weiter
963 634 98 25 unten
1079 630 49 29 die
1148 630 86 28 Rede
1251 629 66 28 sein
1334 646 41 2 —
1389 629 42 28 ist
1448 629 46 27 im
1512 628 46 28 18.
1575 627 218 37 Jahrhundert
1811 626 50 28 ein
1879 633 78 29 paar
1975 623 64 28 Mal
2055 622 154 38 begriffen

839 675 66 28 und
917 675 88 27 mehr
1017 675 74 27 oder
1103 674 133 37 weniger
1247 673 156 37 glücklich
1414 672 219 36 nachgeformt
1644 671 136 28 worden.
1794 670 64 28 Der
1870 668 97 29 Maler
1978 667 84 28 eines
2074 666 136 28 Louvre-

839 718 100 29 bildes
959 718 91 37 (Abb.
1065 719 60 36 35),
1143 717 100 38 gewiß
1259 716 88 28 nicht
1363 716 129 37 Tiepolo
1499 715 11 16 1
1512 716 21 36 ),
1557 715 102 28 beließ
1676 714 135 38 Daphne
1834 714 50 27 die
1900 711 139 30 zentrale
2058 711 152 36 Stellung,

840 762 110 29 drehte
963 762 75 28 aber
1050 761 113 37 Apollo
1182 770 55 18 um
1248 767 38 29 45
1288 760 13 16 0
1320 760 81 27 nach
1419 759 121 32 hinten,
1562 758 131 28 Peneios
1707 765 105 30 umgo
1819 757 12 17 0
1850 756 82 29 nach
1947 764 90 24 vorn,
2055 764 34 19 so
2103 754 62 28 daß
2178 763 33 18 er

841 806 49 29 die
903 806 81 28 nach
1004 815 91 18 vorn
1111 804 186 29 Getriebene
1314 804 146 36 auffängt
1484 803 67 36 (wie
1572 803 60 27 mit
1653 802 55 28 der
1729 800 186 36 „Barriere"
1937 799 100 29 seines
2059 797 151 38 Ruders);

840 849 51 29 ein
913 850 97 27 Putto
1032 849 76 28 muß
1130 847 228 29 Lückenbüßer
1384 847 128 36 spielen.
1516 846 12 16 2
1530 846 8 37 )
1573 846 122 28 Wirkte
1722 845 56 29 das
1798 844 138 29 fliehend
1955 843 156 28 erhobene
2132 842 79 28 Bein

841 893 54 29 der
916 893 135 37 Daphne
1070 892 51 28 bei
1141 891 172 29 Pollaiuolo
1327 890 323 37 graziös-tänzerisch,
1676 899 35 18 so
1726 889 93 28 wirkt
1834 898 33 18 es
1881 888 77 34 hier,
1974 896 48 19 wo
2038 887 56 28 das
2110 886 102 28 Motiv

841 937 81 28 noch
943 936 116 28 einmal
1080 935 243 37 aufgenommen
1346 934 53 33 ist,
1431 932 338 38 geziert-balletmäßig
1793 932 57 28 wie
1869 932 54 28 der
1940 931 85 29 linke
2044 931 89 33 Arm,
2156 931 55 27 der

841 980 191 37 gutfrisierte
1056 979 96 37 Kopf,
1172 979 54 28 der
1246 978 142 28 zierliche
1412 977 125 32 Gürtel;
1558 977 123 36 Apollo,
1703 976 55 29 der
1778 985 34 19 so
1833 975 143 37 garnicht
1998 974 140 29 wirklich
2159 984 40 18 zu­

841 1024 81 34 faßt,
939 1024 56 27 hat
1012 1023 48 28 ein
1077 1023 88 28 recht
1175 1022 152 29 törichtes
1340 1020 246 34 „Nachsehen“;
1601 1021 66 27 und
1680 1019 130 29 Peneios
1823 1020 46 27 als
1883 1018 216 38 Rückenfigur
2111 1018 100 29 bleibt

841 1067 52 29 für
905 1068 61 27 den
980 1067 185 28 Betrachter
1181 1068 120 26 stumm
1322 1064 65 28 und
1401 1066 60 31 tot,
1477 1064 69 27 weil
1560 1064 57 27 das
1632 1063 101 28 Motiv
1747 1063 54 27 des
1814 1062 167 28 helfenden
1995 1062 218 28 Aufnehmens

841 1111 180 37 überhaupt
1040 1110 87 27 nicht
1146 1108 202 30 anschaulich
1369 1108 86 27 wird.

920 1154 109 27 Dieses
1050 1151 232 29 Peneiosmotiv
1311 1151 43 27 ist
1382 1150 138 37 dagegen
1541 1150 50 27 ein
1614 1148 192 30 Glanzstück
1827 1149 54 28 der
1902 1148 187 29 meisterlich
2110 1149 91 36 aufge­

841 1197 120 29 bauten
976 1196 131 37 Gruppe
1120 1195 189 29 Bouchers
1326 1194 33 27 in
1371 1194 104 28 einem
1487 1203 63 18 von
1563 1194 72 27 dem
1650 1192 170 29 Schweden
1834 1193 33 27 P.
1881 1193 135 36 Floding
2026 1191 189 39 gefertigten

842 1240 264 39 Aquatintablatt
1123 1249 63 18 von
1204 1238 78 36 1762
1302 1237 93 38 (Abb.
1408 1237 62 37 36).
1489 1238 80 28 Hier
1582 1238 44 27 ist
1643 1237 51 28 die
1711 1236 237 38 Hauptgruppe
1964 1245 80 28 ganz
2059 1236 45 27 im
2122 1236 93 29 Sinne

843 1284 54 29 der
920 1282 454 38 Pierino-Cignani-Tradition
1395 1281 159 37 gehalten,
1578 1281 76 28 aber
1677 1280 130 29 Peneios
1828 1280 42 28 ist
1894 1290 65 18 nun
1982 1279 87 29 nicht
2093 1280 56 27 wie
2172 1281 45 27 im

842 1327 131 38 vorigen
996 1327 93 28 Bilde
1111 1327 33 27 in
1169 1325 284 30 Rückenansicht
1476 1335 79 24 vor,
1580 1325 138 28 sondern
1740 1324 32 28 in
1796 1323 271 29 Vorderansicht
2090 1323 125 30 hinter

842 1371 114 38 Apollo
978 1371 66 27 und
1066 1371 136 37 Daphne
1223 1369 140 38 gegeben
1385 1369 76 34 und,
1483 1379 65 18 was
1569 1368 217 29 wesentlicher
1806 1368 52 34 ist,
1880 1378 34 18 es
1933 1368 43 28 ist
1997 1368 69 28 hier
2087 1368 57 28 wie
2166 1369 50 27 bei

842 1415 134 37 Cignani
993 1415 67 27 und
1077 1413 161 29 vielleicht
1256 1414 45 27 im
1318 1413 164 28 Anschluß
1500 1423 41 18 an
1559 1413 69 28 eine
1647 1414 99 27 unten
1764 1422 40 18 zu
1822 1412 234 37 besprechende
2076 1412 127 37 Kompo­

842 1460 97 27 sition
965 1458 150 28 Poussins
1142 1457 94 38 (Abb.
1249 1457 52 37 44)
1328 1457 60 28 mit
1414 1457 73 28 dem
1511 1456 233 29 Aufnehmen
1770 1457 99 27 Ernst
1894 1456 163 37 gemacht:
2085 1456 131 28 Peneios

842 1502 128 29 umfaßt
992 1502 153 37 Daphnes
1166 1501 234 30 Oberschenkel
1421 1501 66 28 und
1507 1502 86 36 birgt
1613 1501 68 28 ihre
1703 1500 97 29 Beine
1821 1500 32 28 in
1875 1500 118 28 seinem
2016 1500 113 28 Schoß.
2151 1501 64 28 Des

843 1547 115 28 Vaters
975 1546 89 38 Kopf
1078 1547 66 27 und
1160 1546 98 28 Brust
1274 1545 108 28 bilden
1398 1554 34 19 so
1448 1545 57 28 das
1520 1546 153 27 Zentrum
1688 1544 56 29 der
1759 1554 121 29 ganzen
1898 1544 234 39 Komposition,
2149 1544 66 29 sein

844 1593 126 36 Körper
989 1591 228 28 verklammert
1245 1591 50 28 die
1316 1591 113 27 beiden
1448 1590 161 37 geschickt
1629 1590 247 37 gegeneinander
1895 1589 164 38 geneigten
2081 1589 135 37 Figuren

843 1636 33 27 in
890 1636 56 27 der
959 1635 114 33 Weise,
1088 1634 63 29 daß
1166 1644 56 18 zur
1236 1635 123 27 Linken
1374 1635 50 27 die
1438 1634 97 29 Beine
1550 1634 66 28 und
1629 1633 68 28 eine
1712 1634 106 33 Hand,
1833 1643 57 18 zur
1905 1632 142 29 Rechten
2062 1632 154 30 zwischen

843 1680 131 37 Apollos
987 1679 120 28 Beinen
1121 1679 56 28 der
1190 1678 117 28 andere
1320 1679 80 27 Arm
1411 1677 143 29 sichtbar
1568 1678 139 32 werden;
1724 1678 65 28 und
1803 1678 54 27 der
1871 1676 130 29 Aufbau
2015 1677 55 27 der
2086 1676 131 39 Gruppe

844 1724 79 27 wird
939 1723 100 28 höher
1055 1722 85 29 links
1158 1722 66 28 und
1242 1722 82 28 oben
1342 1722 100 28 durch
1460 1722 221 29 zuschauende
1699 1722 145 37 Najaden
1863 1721 67 28 und
1947 1722 61 27 den
2026 1720 190 37 siegreichen

844 1767 125 28 kleinen
990 1767 98 27 Amor
1107 1765 150 39 gefestigt
1277 1784 41 2 —
1337 1767 148 36 Figuren,
1507 1766 50 28 die
1578 1766 44 27 im
1645 1765 176 37 Gegensatz
1842 1775 40 18 zu
1903 1765 60 28 den
1984 1765 45 27 im
2048 1764 168 39 folgenden

843 1810 173 29 Abschnitt
1032 1820 40 18 zu
1087 1810 251 29 betrachtenden
1354 1809 211 30 Verwandten
1580 1809 123 28 freilich
1719 1819 60 19 nur
1794 1810 69 27 eine
1878 1819 81 27 ganz
1975 1809 102 28 kleine
2093 1810 109 27 Neben­

843 1855 77 27 rolle
938 1855 33 27 in
991 1854 55 28 der
1066 1854 225 38 Komposition
1309 1854 128 37 spielen.

926 1925 23 29 1)
969 1925 107 22 Louvre
1100 1925 48 22 Nr.
1167 1931 66 23 1549
1245 1925 23 21 B
1299 1924 75 30 (Coli.
1393 1923 180 31 Schlichtung)
1600 1923 39 23 als
1663 1924 124 30 Tiepolo;
1813 1924 41 22 als
1878 1923 105 23 solcher
2006 1924 147 30 publiziert
2176 1923 39 23 im

846 1959 198 31 „Emporium“
1062 1967 63 20 1911
1143 1958 62 31 (mir
1217 1959 78 23 nicht
1308 1960 181 29 zugänglich).
1504 1959 52 22 Die
1568 1959 40 22 als
1621 1959 98 30 Apollo
1732 1959 58 23 und
1804 1959 117 30 Daphne
1934 1959 146 29 gedeutete
2093 1958 111 23 Darstel­

844 1996 67 28 lung
922 1995 30 22 in
964 1995 127 30 Tiepolos
1104 1994 228 30 Panigaizimmer
1343 1995 30 22 in
1385 1995 93 22 Berlin
1493 1994 81 30 (Abb.
1585 1994 39 22 im
1638 1995 65 21 Kat.
1716 1995 97 22 Posses
1827 1994 55 22 und
1895 1994 45 22 bei
1953 1994 145 22 Molmenti
2113 1995 26 22 S.
2152 1993 61 31 263)

845 2030 77 23 stellt
935 2030 122 30 Alpheus
1071 2030 57 23 und
1142 2029 138 24 Arethusa
1294 2031 57 25 dar,
1367 2030 50 22 wie
1431 2031 59 22 sich
1503 2036 50 17 aus
1567 2030 63 22 dem
1644 2030 148 22 Umfassen
1806 2030 47 22 der
1867 2029 112 23 Wolke
1993 2030 88 22 durch
2095 2030 54 22 den
2163 2029 53 23 mit

848 2065 103 23 Schilf
967 2066 170 21 bekränzten
1153 2064 141 31 Verfolger
1310 2065 90 30 ergibt
1419 2065 186 30 (Gegenstück
1623 2065 59 22 Pan
1698 2066 57 21 und
1775 2064 120 30 Syrinx).
1913 2078 36 3 —
1966 2065 43 22 Im
2026 2065 112 23 Aufbau
2156 2064 48 30 Cig­

845 2100 68 23 nani
927 2100 71 23 nahe
1013 2101 152 25 verwandt,
1186 2100 71 22 doch
1273 2100 183 23 künstlerisch
1471 2100 65 23 weit
1551 2100 158 29 unterlegen
1724 2100 37 22 ist
1777 2100 49 22 das
1842 2100 63 22 Bild
1921 2100 48 22 des
1984 2100 134 30 jüngeren
2134 2099 82 24 Louis

848 2136 159 22 Silvestre
1017 2135 30 22 in
1059 2135 153 27 Sanssouci,
1225 2136 49 22 das
1285 2136 99 30 jedoch
1395 2136 48 22 auf
1453 2137 49 21 das
1512 2135 307 31 Verwandlungsmotiv
1829 2142 70 22 ganz
1909 2136 153 22 verzichtet
2075 2135 81 29 (Abb.
2169 2135 45 29 38;

848 2170 98 27 Seidel,
965 2171 95 22 Franz.
1080 2170 127 23 Kunstw.
1221 2189 5 3 .
1240 2189 5 3 .
1260 2189 4 4 .
1277 2171 48 22 Nr.
1339 2179 61 22 134;
1418 2179 34 14 zu
1469 2170 74 23 einer
1560 2171 119 22 anderen
1697 2170 196 30 Komposition
1909 2170 143 24 desselben
2071 2170 145 24 Künstlers

845 2206 55 29 vgl.
916 2208 86 20 unten
1019 2206 26 22 S.
1057 2205 54 30 39).
1131 2205 110 24 Diesem
1259 2206 99 23 wieder
1379 2213 52 23 eng
1451 2206 142 23 verwandt
1615 2205 57 30 (der
1686 2206 98 30 Apollo
1797 2206 100 29 jedoch
1911 2213 56 14 von
1981 2206 114 23 Bernini
2107 2207 49 21 her
2169 2206 47 22 via

846 2240 173 23 Illustration
1035 2240 176 24 Amsterdam
1229 2241 76 30 1732)
1328 2242 45 22 ein
1390 2243 130 21 Panneau
1541 2241 71 22 nach
1632 2241 24 29 J.
1669 2241 30 22 F.
1712 2242 124 29 Detroy
1852 2241 29 22 in
1901 2240 99 24 Schloß
2019 2240 196 26 Frederiksdal,

846 2276 50 22 das
913 2276 44 22 die
977 2276 85 22 Szene
1078 2276 100 29 jedoch
1195 2283 30 15 so
1242 2277 155 29 genreartig
1413 2277 101 29 bringt,
1538 2276 54 22 daß
1610 2276 87 22 Mario
1716 2276 97 23 Krohn
1833 2275 158 31 (Frankrigs
2008 2283 34 23 og
2060 2275 156 25 Danmarks

848 2311 120 22 Kunstn.
987 2311 176 23 Forbindelse
1180 2311 9 22 i
1207 2311 48 22 det
1275 2312 30 22 18
1315 2313 85 25 aarh.,
1420 2311 188 31 Kopenhagen
1624 2318 74 21 1922,
1718 2312 13 22 I
1744 2312 27 22 S.
1783 2319 42 22 32,
1844 2311 71 23 Abb.
1928 2318 24 22 3,
1964 2312 28 22 II
2005 2312 26 22 S.
2044 2312 41 26 82,
2100 2311 56 30 184)
2176 2311 39 23 sie

846 2346 78 22 nicht
938 2346 119 22 erkannt
1070 2347 59 25 hat,
1144 2346 126 30 obgleich
1284 2354 28 15 er
1326 2354 49 16 aus
1389 2347 64 22 dem
1467 2346 133 23 Inventar
1614 2346 48 23 des
1676 2347 209 29 abgebrannten
1902 2347 137 22 Schlosses
2054 2346 150 24 Christians­

847 2382 67 28 borg
929 2382 50 21 das
994 2382 198 22 mutmaßliche
1207 2381 123 30 Original
1345 2383 87 22 dieser
1447 2381 176 30 Darstellung
1638 2382 120 30 Detroys
1775 2389 67 23 1740
1857 2381 40 23 als
1913 2382 98 30 Apollo
2026 2383 56 21 und
2098 2381 117 31 Daphne

847 2416 123 22 erwähnt
989 2417 187 28 (Gegenstück
1192 2416 59 24 Pan
1267 2417 57 23 und
1343 2417 120 31 Syrinx).
1481 2416 59 30 Vgl.
1559 2417 71 22 auch
1647 2417 113 26 Dimier,
1778 2418 52 22 Les
1846 2417 121 30 peintres
1983 2417 118 31 franijais
2117 2418 37 22 du
2173 2417 39 22 r8.

848 2451 88 26 siede,
957 2452 38 25 II,
1018 2458 75 22 1930,
1116 2452 26 23 S.
1154 2459 42 22 41,
1217 2452 48 22 Nr.
1276 2459 42 22 95.

927 2486 25 29 2)
968 2487 37 22 Er
1025 2487 37 22 ist
1082 2487 91 22 nicht
1193 2486 41 24 als
1254 2487 247 31 triumphierender
1517 2487 84 23 Amor
1616 2487 138 23 sinnreich
1769 2487 138 30 gestaltet,
1925 2487 53 30 vgl.
1996 2487 117 24 darüber
2128 2490 87 21 unten

850 2521 25 22 S.
889 2528 31 22 35
928 2521 18 22 f.
