2409 3159
829 346 41 30 42

1445 346 111 29 Zyklus,
1572 345 126 31 Staffage,
1716 345 165 25 Illustration
1897 346 47 22 seit
1957 346 45 22 der
2017 347 179 22 Renaissance

828 408 149 38 vorliegt;
995 408 103 28 solche
1115 407 232 40 Verwandlung
1361 408 33 29 in
1411 408 189 38 ,,Staffage“
1617 409 110 28 erfuhr
1745 408 56 28 das
1818 408 120 28 Thema
1954 409 156 28 natürlich
2127 419 57 18 vor­

828 451 169 39 zugsweise
1019 452 45 27 im
1085 452 139 34 Norden,
1247 454 83 27 etwa
1350 452 34 28 in
1407 453 223 37 Radierungen
1653 462 64 18 von
1740 453 172 36 Duperac
1937 451 106 37 (R.-D.
2057 452 50 38 64)
2131 453 67 28 und

830 496 41 27 H.
886 494 98 30 Cock
990 495 12 17 1
1004 495 21 37 ),
1051 495 33 28 in
1110 496 104 27 einem
1235 495 88 30 Stich
1342 495 82 29 nach
1446 496 102 36 Jacob
1570 496 143 37 Savery
1731 505 64 20 von
1815 495 189 28 Londerseel
2023 505 75 19 usw.
2120 496 78 29 Hier

829 538 114 28 dürfen
958 538 82 29 auch
1054 539 50 28 die
1120 539 182 38 Fassungen
1317 540 55 28 des
1385 540 239 29 holländischen
1637 539 303 38 Spätmanierismus
1954 548 63 19 von
2032 539 166 29 Cornelis

829 591 64 19 van
918 582 176 29 Haarlem
1116 584 66 27 und
1205 582 164 29 Abraham
1383 584 211 28 Bloemaert
1618 584 94 37 (Abb.
1727 583 50 38 53)
1786 583 11 16 2
1800 583 8 37 )
1839 583 143 28 erwähnt
2007 583 135 33 werden,
2166 583 32 28 in

830 626 101 27 denen
949 635 82 19 zwar
1047 627 100 37 gewiß
1165 627 88 28 nicht
1272 627 290 34 „Landschaften“,
1580 627 137 29 sondern
1735 626 309 38 „Kompositionen“
2062 626 137 37 gegeben

829 670 126 28 werden
983 671 123 33 sollten,
1138 671 34 27 in
1193 671 101 28 denen
1315 671 75 28 aber
1411 671 143 28 dennoch
1575 671 88 29 nicht
1685 680 60 20 nur
1766 671 60 28 den
1844 670 197 28 zahlreichen
2055 670 145 37 Zeugen

830 713 55 28 der
912 713 188 29 Geschichte
1123 714 178 37 gegenüber
1310 731 41 3 —
1359 715 210 37 Flußgöttern
1587 715 65 29 und
1671 715 230 38 Nymphen—,
1921 714 49 28 die
1989 714 61 28 den
2068 714 120 28 Vorder­

829 757 105 38 grund
949 758 149 28 besetzen
1128 758 66 28 und
1211 758 50 28 die
1277 758 224 37 Komposition
1525 758 204 35 bestimmen,
1753 759 57 28 das
1826 758 256 37 Daphne-Motiv
2102 758 98 28 selbst

831 810 80 27 ganz
930 811 57 18 zur
1000 801 207 29 Nebensache
1226 802 263 37 herabgesunken
1507 802 52 33 ist,
1580 802 137 29 sondern
1736 802 82 29 auch
1832 802 173 38 gleichsam
2019 801 169 29 unwillkür­

829 844 64 29 lich
919 844 82 29 doch
1026 845 57 28 das
1102 845 281 29 Landschaftliche
1408 845 163 38 wichtiger
1596 846 167 38 geworden
1787 847 57 32 ist;
1871 856 60 18 nur
1957 856 72 18 van
2049 846 152 27 Mander

831 888 116 29 nimmt
957 906 40 2 —
1006 889 88 28 nicht
1107 889 130 37 zufällig
1246 906 41 3 —
1294 890 69 27 eine
1373 889 301 38 Zwischenstellung
1685 889 51 29 ein
1748 890 154 28 zwischen
1913 890 213 28 italienischer
2136 889 66 28 und

831 932 233 29 holländischer
1072 933 156 36 Fassung:
1243 933 33 27 in
1288 933 101 28 seiner
1396 933 71 28 sehr
1479 933 183 37 originellen
1670 932 181 39 Zeichnung
1858 943 62 18 von
1931 934 76 35 1588
2018 933 92 37 (Abb.
2119 933 49 37 54)
2177 933 12 16 3
2191 932 9 38 )

830 975 43 28 ist
885 975 170 29 immerhin
1069 977 49 27 die
1129 977 260 36 Daphnegruppe
1401 976 166 28 inhaltlich
1582 976 66 29 und
1661 976 116 29 formal
1790 987 73 17 zum
1872 977 24 28 Z
1902 987 15 18 e
1924 987 20 18 n
1951 980 13 25 t
1970 987 14 18 r
1991 987 20 18 u
2019 987 31 18 m
2060 977 55 28 der
2125 977 77 29 halb

830 1019 401 37 toskanisch-figürlichen,
1239 1020 76 27 halb
1322 1019 501 30 holländisch-landschaftlichen
1831 1021 205 37 Darstellung
2042 1021 158 38 gemacht.

912 1062 1293 40 In der eigentlichen Buchillustration 4 5 ) gibt es einige wenige gute, sozu­
831 1114 95 29 sagen
939 1107 230 36 „schlagende"
1182 1106 230 37 Erfindungen,
1426 1106 54 28 der
1494 1106 78 28 Rest
1584 1106 42 29 ist
1641 1106 103 38 Kopie
1757 1107 75 28 oder
1844 1106 105 38 billige
1963 1108 240 38 Nachahmung.

831 1149 61 28 Die
907 1150 211 37 Vereinigung
1134 1150 158 28 mehrerer
1310 1150 120 28 Szenen
1444 1150 46 27 im
1505 1149 86 28 alten
1608 1149 280 36 Illustrationsstil,
1906 1151 57 28 wie
1979 1152 44 27 sie
2040 1152 49 27 die
2106 1152 84 29 Vene­

831 1193 107 28 zianer
956 1194 147 36 Ausgabe
1123 1203 64 18 von
1208 1201 78 29 1497
1306 1193 67 28 und
1391 1193 82 28 noch
1496 1193 105 28 Giulio
1622 1194 147 28 Romano
1788 1194 32 28 in
1840 1194 101 28 seiner
1963 1194 172 38 Stichfolge
2154 1204 38 29 ge­

831 1237 101 37 geben
947 1237 124 33 hatten,
1088 1237 80 28 wird
1182 1237 77 28 bald
1274 1237 194 37 aufgegeben
1475 1236 12 17 6
1490 1237 9 37 )
1521 1239 179 36 zugunsten
1720 1238 56 28 der
1792 1237 165 29 einfachen
1974 1238 232 39 zweifigurigen

832 1280 222 38 Verfolgungs-
1065 1281 67 27 und
1142 1280 458 38 Verwandlungsdarstellung,
1613 1281 68 29 und
1692 1281 68 29 hier
1771 1282 42 28 ist
1825 1292 32 18 es
1869 1282 55 28 der
1937 1292 63 18 von
2012 1283 41 28 M.
2067 1283 40 28 D.
2122 1283 71 29 Hen­

833 1325 52 27 kel
898 1325 59 27 mit
973 1324 101 29 Recht
1089 1334 34 19 so
1136 1325 91 28 stark
1239 1324 278 38 hervorgehobene
1531 1325 146 29 Bernard
1694 1325 186 36 Salomon,
1896 1327 55 27 der
1964 1326 33 28 in
2012 1327 55 28 der
2082 1327 124 38 Lyoner

832 1368 148 37 Ausgabe
999 1378 64 18 von
1083 1375 78 30 1557
1179 1369 33 27 in
1232 1369 60 28 den
1310 1369 115 28 beiden
1446 1369 120 28 Szenen
1585 1368 239 40 „Verfolgung“
1844 1371 67 27 und
1930 1369 276 39 „Verwandlung"

833 1411 50 29 die
901 1412 202 35 kanonische,
1122 1422 64 19 von
1204 1413 41 28 da
1262 1422 41 19 an
1320 1413 130 37 ständig
1466 1412 144 38 kopierte
1629 1413 97 29 Form
1742 1413 159 38 gefunden
1927 1414 57 28 hat
2010 1414 94 37 (Abb.
2118 1414 61 38 56).
2183 1415 12 17 6
2197 1414 9 38 )

915 1456 164 29 Salomons
1102 1457 144 37 Fassung
1274 1457 42 28 ist
1346 1456 167 29 zweifellos
1543 1467 63 18 von
1631 1456 126 31 Pierino
1781 1458 50 28 del
1855 1458 88 38 Vaga
1970 1458 92 38 (Abb.
2077 1459 50 37 29)
2153 1459 41 28 ab­

832 1500 128 37 hängig,
983 1501 57 28 wie
1062 1510 57 19 aus
1140 1501 103 28 einem
1264 1501 164 37 Vergleich
1449 1510 64 19 von
1535 1501 154 38 Daphnes
1712 1502 294 38 Körperwendung,
2032 1502 89 38 Kopf
2142 1503 65 28 und

833 1544 130 36 Armen,
983 1554 64 18 von
1066 1545 130 37 Apollos
1214 1554 116 28 ganzer
1350 1546 179 38 Bewegung
1548 1546 67 27 und
1634 1545 209 30 flatterndem
1863 1547 119 28 Mantel
2001 1547 127 34 erhellt;
2150 1547 57 29 Ca-

829 1588 117 38 raglios
965 1588 88 29 Stich
1070 1599 65 18 war
1151 1589 33 38 ja
1201 1589 233 30 hochberühmt
1452 1591 66 27 und
1534 1590 42 29 ist
1597 1590 150 29 Salomon
1763 1591 102 37 gewiß
1882 1592 142 28 bekannt
2041 1592 166 38 geworden

832 1631 133 39 (sichere
987 1632 270 30 Zwischenstufen
1281 1634 107 28 wüßte
1411 1633 51 30 ich
1486 1635 88 28 nicht
1599 1644 39 19 zu
1662 1634 146 38 nennen).
1814 1635 11 17 7
1827 1635 21 38 ).
1883 1635 40 29 So
1946 1636 42 28 ist
2019 1636 83 28 wohl
2125 1635 81 30 auch

914 1747 23 31 1)
952 1748 71 22 Abb.
1048 1747 45 23 bei
1116 1748 86 29 Zoege
1225 1755 26 15 v.
1264 1748 171 27 Manteuffel,
1459 1749 52 23 Die
1529 1749 235 24 niederländische
1784 1750 167 30 Radierung,
1971 1752 138 23 München
2130 1759 75 23 1925,

834 1783 26 23 S.
876 1790 39 22 14.
930 1783 55 23 Um
999 1783 74 29 1558.
1087 1784 61 28 Eng
1158 1784 144 22 verwandt
1313 1783 61 23 eine
1385 1783 158 31 Zeichnung
1554 1785 48 22 der
1615 1786 162 30 Sammlung
1787 1787 120 25 Masson,
1919 1786 70 29 jetzt
2000 1787 29 22 in
2041 1788 47 22 der
2100 1788 106 23 Pariser

833 1817 195 32 Bibliotheque
1047 1818 156 23 Nationale.

911 1853 25 30 2)
952 1853 167 24 Bloemaert:
1141 1853 62 23 Bild
1222 1853 29 23 in
1266 1853 112 24 Breslau
1398 1861 56 16 von
1465 1861 65 23 1592
1548 1855 81 29 (Abb.
1641 1856 43 30 53)
1702 1856 51 22 mit
1762 1856 243 30 Vorzeichnungen
2019 1858 29 22 in
2057 1858 79 22 Wien
2150 1857 56 24 und

832 1889 110 22 Brüssel
954 1888 75 30 (Coli,
1040 1889 34 22 de
1083 1889 89 30 Grez),
1183 1889 52 23 alle
1244 1889 157 30 abgebildet
1410 1890 45 22 bei
1464 1890 160 27 Lindeman,
1638 1892 26 29 J.
1676 1893 32 21 A.
1719 1891 153 26 Wttewael,
1887 1892 117 22 Utrecht
2016 1900 74 20 1929,
2101 1892 60 23 Tat.
2172 1893 34 22 68

834 1932 25 14 u.
872 1926 41 26 69.
937 1923 120 24 Cornelis
1077 1930 57 16 van
1156 1924 143 23 Haarlem:
1323 1924 156 31 Zeichnung
1500 1926 29 22 in
1548 1926 109 23 Brüssel
1679 1926 121 30 (Coll.de
1817 1926 89 30 Grez),
1929 1927 154 24 Lindeman
2099 1936 24 14 a.
2135 1936 25 15 a.
2172 1928 32 23 O.

833 1959 59 24 Tat.
905 1967 33 22 70
956 1959 56 25 und
1032 1960 25 29 J.
1069 1959 90 30 Vuyk,
1178 1960 62 22 Oud
1258 1959 120 23 Holland
1398 1968 74 21 1929,
1492 1962 27 22 S.
1531 1968 58 21 219.

913 1994 25 30 3)
954 1994 121 24 Uffizien
1099 1995 26 23 S.
1137 1995 77 23 8601.
1238 1996 32 23 E.
1287 1995 168 27 Valentiner,
1480 1997 84 22 Karel
1580 2004 56 15 van
1652 1998 117 22 Mander
1785 1997 40 23 als
1842 1997 94 27 Maler,
1957 1998 153 30 Straßburg
2130 2005 75 24 1930,

836 2030 27 23 S.
876 2030 67 27 20f.,
964 2030 26 23 S.
1003 2037 42 21 91,
1064 2030 48 23 Nr.
1126 2037 32 23 27
1178 2030 187 30 (Gegenstück
1382 2031 59 23 Pan
1458 2032 57 22 und
1535 2032 108 30 Syrinx,
1662 2033 61 22 ebd.
1736 2033 71 22 Abb.
1820 2033 36 29 6).

913 2066 25 29 4)
952 2065 61 31 Vgl.
1031 2073 33 14 zu
1085 2065 81 23 allem
1186 2065 147 31 folgenden
1352 2066 36 23 M.
1402 2067 33 22 D.
1448 2067 116 26 Henkel,
1586 2068 62 22 Oud
1665 2068 122 23 Holland
1805 2075 63 21 1921
1887 2068 57 22 und
1960 2069 91 22 Vortr.
2069 2068 48 23 der
2133 2069 72 23 Bibi.

835 2101 136 29 Warburg
992 2100 121 30 1926/27,
1133 2101 217 31 Leipzig-Berlin
1371 2108 73 23 1930,
1466 2103 27 22 S.
1506 2103 32 28 58
1544 2102 30 23 ff.

914 2136 26 30 5)
955 2136 162 30 Abgesehen
1136 2143 56 16 von
1212 2137 54 22 den
1286 2137 82 23 meist
1387 2137 248 30 bedeutungslosen
1651 2138 136 26 Blättern,
1803 2138 30 22 in
1847 2139 91 21 denen
1952 2139 44 22 die
2014 2139 105 23 Szenen
2134 2139 74 23 eines

834 2178 106 23 ganzen
955 2171 108 24 Buches
1078 2171 48 22 der
1140 2171 242 31 Metamorphosen
1396 2173 224 30 panoramaartig
1634 2173 270 30 zusammengestellt
1919 2174 73 26 sind;
2009 2174 54 29 vgl.
2080 2182 22 14 z.
2115 2175 31 21 B.
2163 2175 44 22 die

837 2206 94 24 Stiche
940 2213 56 17 von
1006 2206 105 23 Merian
1123 2208 75 27 1619,
1209 2215 56 15 von
1277 2207 26 23 S.
1318 2208 105 29 Savery
1432 2209 72 22 nach
1514 2209 86 22 Frans
1609 2208 77 23 Clein
1698 2210 74 27 1632,
1784 2216 56 15 von
1850 2209 32 22 B.
1895 2209 93 23 Picart
2001 2216 63 23 1731
2079 2209 126 31 (Henkel,

834 2242 136 29 Vorträge
984 2249 24 16 a.
1021 2250 24 15 a.
1058 2241 32 23 O.
1109 2242 26 23 S.
1150 2249 57 20 100,
1226 2242 59 30 125)
1302 2243 58 22 und
1374 2250 56 15 von
1447 2244 26 28 J.
1485 2244 33 22 A.
1530 2243 124 23 Fridrich
1669 2244 73 22 nach
1758 2244 102 23 Gottfr.
1874 2244 109 23 Eichler
2000 2245 75 29 (Met.
2092 2244 115 24 deutsch

837 2277 88 30 1763).
942 2291 36 3 —
993 2277 170 31 Pythonsieg
1179 2277 57 24 und
1252 2277 168 30 Verfolgung
1435 2278 62 23 sind
1514 2279 51 22 mit
1582 2280 48 21 der
1645 2278 125 23 seltenen
1786 2280 177 29 Darstellung
1980 2280 48 22 der
2046 2280 92 26 Szene,
2156 2279 50 23 wie

835 2313 119 29 Daphne
969 2313 99 29 gerade
1083 2319 65 16 vom
1163 2312 139 24 bleiernen
1318 2313 70 22 Pfeil
1403 2314 98 22 Amors
1516 2314 136 29 getroffen
1667 2314 76 26 wird,
1762 2315 135 29 vereinigt
1912 2315 30 22 in
1956 2315 153 23 Wickrams
2125 2314 69 24 Holz­

834 2347 107 24 schnitt
958 2356 33 15 zu
1008 2348 89 22 seiner
1115 2347 163 31 „Ausgabe“
1297 2348 48 22 der
1362 2344 190 34 Übersetzung
1569 2349 147 23 Albrechts
1732 2357 57 15 von
1806 2350 191 26 Halberstadt,
2016 2350 91 23 Mainz
2126 2355 78 25 1545;

836 2383 48 23 der
903 2382 117 31 Daphne
1038 2383 108 22 scheint
1164 2382 134 31 diejenige
1316 2383 48 22 der
1382 2384 151 22 Farnesina
1550 2385 140 29 zugrunde
1709 2393 33 14 zu
1759 2385 99 30 liegen.

914 2418 27 30 6)
956 2417 117 28 Henkel,
1098 2419 142 29 Vorträge,
1270 2419 26 22 S.
1309 2420 41 27 76.
1381 2419 38 22 Es
1438 2419 36 22 ist
1495 2419 239 27 bemerkenswert,
1756 2421 54 22 daß
1830 2421 30 22 in
1880 2421 48 22 der
1947 2420 259 24 vorsalomonschen

836 2453 127 30 Ausgabe
982 2453 79 31 Lyon
1083 2455 66 27 1556
1168 2453 45 24 die
1234 2454 85 23 Szene
1337 2453 78 23 nicht
1433 2454 166 23 vorkommt.

916 2488 25 30 7)
956 2488 154 31 Allerdings
1136 2489 108 23 kommt
1269 2488 82 23 dafür
1376 2489 29 22 in
1426 2490 87 29 Frage
1538 2490 61 22 eine
1619 2490 117 23 lavierte
1758 2491 239 29 Federzeichnung
2017 2490 48 23 der
2086 2490 120 24 Uffizien

839 2522 58 30 (Nr.
912 2524 87 29 1097),
1013 2523 44 24 die
1070 2524 169 27 „Francesco
1253 2523 133 24 Salviati“
1400 2525 85 22 heißt.
1499 2525 51 23 Die
1563 2526 205 30 Zuschreibung
1778 2527 37 21 ist
1826 2527 85 22 kaum
1923 2534 33 15 zu
1968 2525 161 30 widerlegen
2140 2526 66 24 oder
