2464 3159
216 381 259 33 Christianisierung
493 383 45 24 der
554 382 83 23 Fabel

1569 386 19 30 3

212 445 111 30 hinzu:
339 446 87 34 „Sed
438 445 114 38 Apollo
565 453 71 19 eam
647 444 99 28 etiam
760 446 161 27 mutatam
933 444 46 28 ita
993 444 122 35 dilexit,
1130 448 36 25 ut
1179 446 120 30 tutelae
1313 457 74 19 suae
1401 447 192 31 adscriberet

212 489 218 39 efficeretque,
461 492 37 26 ut
533 490 155 35 propter
718 486 267 38 virginitatem
1015 491 191 27 servatam
1236 499 144 28 semper
1409 490 184 32 viveret".

213 534 114 29 Damit
343 534 44 29 ist
406 534 56 28 der
479 531 161 31 christlich
658 530 257 30 moralisierende
936 530 152 30 Gedanke
1106 535 65 26 erst
1189 540 80 30 ganz
1286 533 34 29 in
1339 534 54 28 der
1412 535 97 29 Fabel
1527 544 55 21 ver­

214 578 147 35 wurzelt;
387 588 33 19 er
437 576 108 30 wurde
563 584 82 19 zwar
663 584 64 18 von
745 575 166 29 mehreren
929 575 213 37 Nachfolgern
1160 576 55 28 des
1236 576 136 35 Servius,
1397 587 35 19 so
1450 579 62 29 den
1530 579 66 30 drei

216 622 265 39 Mythographen,
495 619 164 29 nochmals
671 618 131 29 beiseite
815 619 153 37 gelassen,
982 618 79 28 wird
1074 620 86 28 dann
1173 619 76 29 aber
1261 620 45 27 im
1319 622 146 36 späteren
1479 621 117 30 Mittel-

214 667 81 29 alter
322 667 43 37 (ja
388 666 49 28 bis
459 664 49 29 ins
533 670 46 29 17.
607 662 221 37 Jahrhundert
851 662 119 38 hinein)
995 671 64 19 von
1082 672 56 20 um
1160 673 35 19 so
1218 662 294 32 entscheidenderer
1536 665 44 31 Be­

216 712 152 37 deutung.

297 755 50 27 Im
361 753 99 29 Laufe
477 751 54 28 des
547 749 202 30 Mittelalters
765 750 131 29 wurden
911 760 67 18 mm
992 759 81 28 ganz
1089 748 166 41 allgemein
1271 750 152 29 zunächst
1440 750 49 30 die
1505 751 77 31 über­

215 798 141 37 wiegend
378 793 300 40 ,,physikalischen“
703 793 190 39 Einzelzüge
916 794 55 28 der
993 793 132 29 antiken
1150 793 249 40 Interpretation
1422 795 54 27 der
1499 795 96 30 Fabel

214 842 71 29 teils
306 839 179 34 eliminiert,
508 837 71 30 teils
600 838 50 28 ins
671 838 188 29 Christliche
881 837 221 38 umgedeutet;
1124 840 64 26 erst
1210 838 45 28 im
1275 839 114 37 späten
1411 837 185 32 Mittelalter

215 886 78 28 wird
310 883 182 31 schließlich
511 882 56 29 der
587 881 78 29 Sinn
682 882 56 28 der
757 892 122 28 ganzen
900 882 79 37 Sage
997 880 253 31 christianisiert.

298 923 1299 44 So findet sich z. B. bei den drei Mythographen * 1 ) noch die von Fulgentius
215 973 184 29 Planciades
428 970 119 38 (zweite
567 970 110 29 Hälfte
703 971 56 28 des
778 977 28 30 5.
823 970 246 38 Jahrhunderts)
1097 969 246 30 übernommene
1366 970 141 37 Angabe,
1535 970 63 29 daß

215 1018 100 28 durch
339 1017 56 28 das
419 1014 155 39 Auflegen
598 1015 56 28 des
677 1015 154 29 Lorbeers
855 1015 71 29 aufs
950 1015 112 36 Haupt
1086 1013 225 30 Wahrträume
1335 1014 177 28 entstehen.
1538 1014 59 29 Mit

214 1062 120 28 diesem
349 1061 68 37 Zug
433 1060 57 28 hat
509 1059 86 29 dann
613 1059 50 28 die
680 1059 182 29 christliche
879 1059 183 38 Auslegung
1078 1058 105 29 nichts
1201 1057 158 38 anfangen
1376 1058 137 33 können,
1532 1057 65 29 und

214 1115 35 19 so
265 1105 233 29 verschwindet
515 1112 33 20 er
566 1112 57 20 aus
640 1104 74 28 dem
731 1103 225 38 Hauptstrang
973 1104 54 27 der
1045 1097 250 43 Überlieferung,
1314 1111 55 18 um
1385 1104 63 26 erst
1466 1102 51 28 bei
1534 1110 63 20 van

215 1150 131 28 Mander
355 1150 12 16 2
369 1149 9 38 )
395 1149 115 29 wieder
525 1148 246 29 aufzutauchen.
788 1147 122 29 Anders
925 1147 60 29 mit
1007 1148 55 27 der
1076 1157 64 18 von
1156 1146 120 29 Plinius
1283 1145 12 17 3
1297 1145 9 38 )
1330 1144 269 31 übernommenen

215 1193 213 39 Vorstellung,
450 1193 64 28 daß
534 1192 55 28 der
609 1192 137 28 Lorbeer
767 1192 47 28 als
833 1191 135 39 einziger
988 1195 93 25 unter
1101 1192 61 27 den
1183 1190 145 29 Bäumen
1348 1199 76 19 vom
1443 1190 84 28 Blitz
1546 1198 37 29 ge­

216 1238 126 29 mieden
358 1238 89 29 wird.
465 1236 110 30 Dieser
591 1237 68 37 Zug
675 1237 79 28 wird
770 1236 114 38 gerade
900 1236 45 27 im
960 1238 114 35 späten
1091 1235 186 29 Mittelalter
1293 1234 129 34 beliebt,
1440 1244 26 18 z.
1481 1234 36 29 B.
1535 1242 64 20 von

217 1282 189 29 Berchorius
424 1281 97 29 dahin
538 1282 161 36 gedeutet,
718 1281 65 28 daß
801 1281 54 28 der
873 1280 137 29 Lorbeer
1027 1281 46 27 als
1092 1280 106 28 Kreuz
1215 1278 116 30 Christi
1351 1278 41 37 (d.
1406 1279 31 27 h.
1456 1276 141 39 Apollos)

218 1328 60 27 den
294 1327 169 29 Menschen
478 1334 80 29 „pro
571 1326 104 28 tutela
687 1325 144 29 fulminis
845 1324 126 29 divinae
986 1323 175 30 sententiae
1175 1326 32 25 et
1221 1325 127 26 eternae
1363 1319 235 32 damnationis"

218 1370 255 38 dienen muß. 4 5 ).
299 1415 60 28 Die
390 1412 192 39 endgültige,
614 1412 173 38 gleichsam
817 1411 243 39 systematische
1092 1409 298 39 Christianisierung
1420 1411 71 27 tritt
1523 1409 76 35 also,

218 1459 57 28 wie
290 1469 40 18 zu
345 1461 166 31 erwarten,
527 1460 64 27 erst
606 1458 45 27 im
666 1458 114 36 späten
797 1455 185 30 Mittelalter
997 1456 60 33 ein,
1073 1456 74 27 hart
1163 1464 41 19 an
1220 1454 55 29 der
1292 1454 120 28 Grenze
1428 1464 55 18 zur
1498 1463 102 19 neuen

216 1503 80 34 Zeit,
320 1502 67 29 und
409 1511 84 19 zwar
515 1501 33 29 in
571 1502 56 28 der
649 1501 182 37 ungeheuer
854 1499 253 39 ausgebreiteten
1130 1498 252 38 Allegorienwelt
1406 1498 54 28 des
1482 1498 118 28 Autors

217 1547 54 29 des
290 1546 125 35 „Ovide
434 1545 168 30 moralise“
621 1546 68 27 und
707 1544 55 29 des
781 1543 189 30 Berchorius
991 1542 183 40 (Berguire).

298 1592 91 29 Noch
415 1592 50 28 die
491 1589 315 40 „Integumenta"
833 1600 40 18 zu
898 1589 61 28 den
985 1587 289 39 Metamorphosen,
1301 1587 49 28 die
1375 1586 162 37 Johannes
1562 1585 38 29 de

221 1635 172 31 Garlandia
418 1645 57 19 um
501 1642 79 30 1234
604 1633 235 29 niederschrieb
849 1633 12 17 6
862 1633 21 39 ),
910 1633 114 28 hatten
1053 1633 49 29 die
1124 1631 98 29 Fabel
1247 1629 355 39 allgemein-moralisch

220 1681 78 37 (und
322 1681 89 28 nicht
430 1681 72 28 sehr
521 1676 227 40 durchsichtig)
770 1678 98 29 dahin
888 1675 214 40 allegorisiert,
1122 1676 63 28 daß
1205 1675 54 29 der
1273 1674 212 38 immergrüne
1499 1673 103 29 Baum

218 1725 50 29 die
291 1724 151 30 Weisheit
466 1723 147 36 bedeute,
645 1722 54 29 der
725 1723 51 28 die
795 1721 126 30 Weisen
941 1720 177 39 nachjagen
1140 1719 138 35 müssen,
1299 1719 57 28 ehe
1376 1718 43 29 sie
1441 1718 66 29 sich
1525 1718 62 28 end­

217 1769 61 29 lich
299 1769 60 29 mit
379 1769 50 28 ihr
449 1767 122 30 krönen
592 1767 141 28 können:

500 1838 160 30 Mentibus
673 1838 78 29 haec
767 1839 94 27 arbor
875 1836 182 40 sapientum
1071 1835 89 38 virgo
1175 1834 126 31 virescit

546 1883 87 38 Quae
649 1882 149 38 quamvis
812 1881 103 39 fugiat
931 1880 87 30 victa
1032 1880 107 29 labore
1154 1878 93 31 viret.

501 1928 60 29 Est
575 1927 91 38 virgo
680 1926 124 29 Phoebi
817 1925 159 39 sapientia
989 1924 88 30 facta
1092 1933 116 20 corona

542 1972 123 28 Laurus
680 1980 100 29 quam
793 1970 118 38 cupida
925 1971 107 27 mente
1046 1968 135 39 requirit
1194 1966 105 31 homo.

221 2086 85 23 quam
321 2081 75 22 terra
410 2079 78 24 liiatu
502 2078 77 24 facto
592 2077 106 31 recepit
712 2079 28 21 et
754 2084 51 23 pro
820 2084 32 16 ea
866 2075 127 24 arborem
1008 2074 88 23 edidit
1112 2075 30 29 (s.
1158 2074 71 23 dazu
1242 2072 110 24 Exkurs
1363 2071 35 30 I),
1414 2079 71 23 quae
1500 2069 102 25 Graece

222 2122 101 15 nomen
341 2123 81 15 suum
440 2114 124 28 retinuit,
585 2113 100 23 Latine
701 2113 96 23 laurus
815 2112 110 23 dicitur.

305 2150 23 30 1)
343 2152 23 26 I,
379 2153 50 21 116
444 2161 27 9 =
484 2150 86 27 Bode,
595 2149 152 30 Scriptores
768 2155 51 16 rer.
842 2147 100 31 Myth.,
971 2145 73 25 Celle
1066 2145 76 30 1834,
1167 2145 26 23 S.
1206 2149 45 26 37:
1274 2143 35 23 In
1330 2141 135 32 Apollinis
1485 2140 118 24 tutelam

222 2185 110 23 laurum
347 2186 169 24 adscribunt.
533 2185 74 23 Nam
622 2184 109 26 scimus,
755 2183 157 31 Daphnem,
928 2181 130 28 Ladonis,
1073 2180 125 24 fluminis
1213 2178 134 25 Arcadiae
1360 2177 97 27 filiam,
1474 2175 129 24 dilectam

223 2221 36 22 ab
269 2221 128 30 Apolline
408 2222 29 22 et
448 2221 99 23 Terrae
559 2219 177 24 miseratione
754 2220 31 22 in
794 2218 110 24 laurum
912 2224 171 16 conversam.
1098 2216 41 23 Et
1152 2214 84 24 unde
1249 2213 112 24 laurus
1374 2212 90 24 nasci
1476 2211 124 31 posset,

222 2256 64 23 nisi
313 2257 37 22 de
383 2255 198 25 fluvialibus
606 2254 115 31 aquis?
745 2255 39 22 Et
802 2255 38 22 sic
858 2255 102 30 poetae
977 2251 174 24 describunt:
1171 2251 26 22 si
1214 2249 129 24 laurum
1361 2245 241 26 dormientibus

223 2292 40 23 ad
277 2294 100 28 caput
388 2291 161 31 posueris,
570 2298 77 15 vera
660 2291 127 22 somnia
800 2297 69 16 esse
880 2288 139 24 visuros.
1031 2283 121 27 Ähnlich
1165 2287 38 26 II,
1217 2292 32 23 23
1265 2284 72 31 (ebd.
1354 2283 26 24 S.
1393 2283 42 29 82)
1450 2282 58 23 und
1522 2281 53 26 III,
1588 2280 15 22 8

225 2328 72 29 (ebd.
310 2327 25 24 S.
345 2328 71 29 2or).
432 2327 53 23 Die
504 2328 158 29 gesperrten
679 2325 104 24 Stellen
800 2324 125 25 wörtlich
944 2323 73 24 nach
1032 2321 162 32 Fulgentius
1211 2318 170 30 Planciades,
1397 2315 207 33 Mitologiarum

223 2363 47 23 lib.
284 2363 33 27 I.,
333 2371 27 23 p.
378 2370 42 23 24,
438 2369 97 24 iosqq.
552 2361 92 23 Helm.

305 2398 26 31 2)
349 2399 26 23 S.
389 2399 88 22 unten
488 2398 29 22 in
538 2397 72 29 Kap.
623 2397 25 23 8.

305 2434 26 30 3)
346 2435 66 22 Nat.
425 2433 74 23 Hist.
513 2432 39 28 II,
566 2433 57 29 146.

305 2470 25 30 4)
346 2470 35 23 So
390 2469 40 23 im
440 2469 61 22 XV.
514 2467 79 24 Buch
605 2468 48 22 des
663 2467 201 22 Reductorium
877 2464 111 29 morale,
1001 2464 95 23 Druck
1106 2461 77 25 Paris
1198 2466 63 25 1511
1280 2459 30 31 (s.
1321 2460 88 22 unten
1422 2458 25 23 S.
1456 2465 14 21 5
1482 2457 80 22 Anm.
1578 2455 23 30 1)

224 2504 47 24 fol.
284 2505 94 23 XVII.
394 2504 44 24 Im
452 2504 38 23 II.
503 2503 79 23 Buch
596 2502 66 30 Cap.
674 2502 153 23 LXXXIV
841 2501 61 28 „De
915 2499 109 25 Lauro"
1042 2498 94 32 (opera
1150 2495 95 26 omnia
1259 2495 56 23 Col.
1330 2494 63 30 Agr.
1411 2493 75 30 1684,
1503 2492 22 27 I,
1541 2489 61 32 823)

225 2540 78 23 heißt
325 2548 29 16 es
375 2540 124 30 dagegen
520 2545 66 16 vom
599 2537 190 23 laurus-arbor
803 2536 102 24 crucis:
920 2535 106 24 resistit
1039 2534 120 27 fulmini,
1174 2532 29 23 id
1219 2532 41 23 est
1276 2529 152 25 diabolicae
1443 2525 158 26 tentationi.

306 2576 27 30 5)
351 2577 26 23 S.
389 2575 112 24 Exkurs
512 2574 38 27 II,
563 2574 32 22 A.

1362 2615 11 15 1
