2464 3159
197 377 134 25 Christine
349 377 31 23 de
401 377 99 27 Pisan;
520 377 126 23 Petrarca

1550 377 19 30 7

195 441 188 30 undenkbar
405 449 142 29 gewesen
570 441 114 27 wären.
710 438 118 28 Immer
851 437 114 29 wieder
988 438 123 28 kreisen
1135 437 50 30 die
1211 437 172 32 Gedanken
1408 439 162 30 Petrarcas

195 495 57 19 um
267 485 62 29 den
346 484 253 29 Dichterlorbeer
614 482 68 28 und
697 481 51 28 die
766 481 165 38 Krönung.
948 481 46 28 Er
1008 481 79 28 liebt
1103 480 80 39 jetzt
1199 482 62 28 den
1277 482 136 30 Lorbeer
1429 482 141 35 deshalb,

196 529 70 29 weil
277 529 56 29 ihn
345 529 73 28 kein
431 528 83 28 Blitz
528 528 72 36 (den
614 526 109 27 Ruhm
733 524 73 29 kein
820 523 195 40 Untergang)
1029 524 115 29 treffen
1157 525 85 28 kann
1257 524 86 39 (man
1355 527 101 28 denke
1469 536 40 19 an
1522 526 49 28 die

196 574 82 29 oben
300 572 150 29 berührte
471 571 181 37 Auslegung
673 568 101 29 dieser
795 567 205 38 Eigenschaft
1022 568 99 28 durch
1143 567 57 29 das
1222 568 183 30 Mittelalter
1425 570 145 38 zurück!)

197 618 76 29 oder
286 626 33 19 er
332 615 147 30 schmollt
491 615 78 33 ihm,
583 613 63 29 daß
660 622 44 23 er,
718 614 85 26 trotz
817 611 100 29 dieser
931 611 106 30 Macht
1052 612 73 28 dem
1139 611 141 29 Himmel
1296 611 151 40 (Jupiter)
1461 623 98 28 gegen­

198 661 88 36 über,
308 661 68 28 ihm
395 660 61 28 den
478 659 108 27 Kranz
607 655 181 38 mißgönne.
791 655 12 17 1
805 655 10 37 )

279 705 84 29 Aber
377 703 81 29 auch
473 701 151 37 Daphnes
641 699 126 29 Gestalt
781 699 80 29 wird
874 699 51 28 bei
941 699 149 29 Petrarca
1103 699 33 28 in
1150 698 85 29 einer
1249 707 80 29 ganz
1343 708 102 18 neuen
1473 698 100 30 Weise

198 748 154 39 lebendig.
376 746 76 29 Hier
471 745 42 28 ist
533 755 33 18 es
587 744 55 29 der
661 744 47 27 im
728 742 189 30 Canzoniere
938 742 215 30 allenthalben
1173 741 246 39 angeschlagene
1439 742 122 29 Zauber­

198 792 198 39 gleichklang
418 799 63 19 von
505 788 123 29 Laurus
651 788 68 28 und
742 786 116 36 Laura,
883 787 55 28 der
961 786 84 30 seine
1070 786 171 30 Phantasie
1264 786 162 38 beflügelt,
1452 785 65 29 und
1540 795 35 19 so

197 837 68 28 lebt
275 845 34 20 er
319 835 47 28 als
375 836 100 26 erster
485 836 94 25 unter
589 832 63 29 den
662 830 146 30 Neueren
820 829 223 31 Leidenschaft
1055 831 67 27 und
1135 829 147 31 Schmerz
1293 830 130 37 Apollos
1433 830 129 28 mensch­

197 880 64 29 lich
277 879 94 34 nach,
388 877 109 29 indem
513 887 33 18 er
564 876 50 29 die
631 876 136 37 geliebte
786 873 248 31 Unerreichbare
1053 875 59 27 mit
1131 872 225 41 apollinischen
1374 874 117 28 Versen
1508 882 55 19 ver­

198 923 123 39 geblich
340 921 192 34 beschwört;
552 930 35 19 so
605 921 100 27 sahen
720 919 57 29 ihn
796 919 98 28 schon
913 917 222 31 Illustratoren
1153 917 101 29 seines
1271 919 105 27 ersten
1398 916 128 30 Sonetts
1544 916 32 28 in

199 968 56 29 der
275 966 132 29 zweiten
429 965 110 28 Hälfte
561 964 56 29 des
643 962 233 39 Quattrocento
900 961 92 38 (Abb.
1009 961 39 38 i).
1052 961 12 17 2
1066 962 9 37 )
1105 962 112 29 Damit
1242 961 42 28 ist
1306 960 55 29 der
1383 959 195 38 Liebeslyrik

199 1010 214 31 Unendliches
441 1008 185 38 geschenkt,
657 1008 68 28 und
754 1010 65 26 erst
849 1007 103 28 damit
981 1006 42 28 ist
1054 1006 55 28 der
1142 1005 79 38 Sage
1249 1005 33 28 in
1312 1013 152 20 unserer
1494 1003 83 30 Welt

200 1053 272 32 Unsterblichkeit
493 1053 169 29 verliehen.
703 1051 91 30 Auch
822 1051 33 28 in
884 1051 55 28 der
960 1050 120 29 dritten
1102 1049 115 39 Ecloge
1242 1050 58 28 hat
1323 1049 147 28 Petrarca
1496 1047 83 30 diese

200 1098 225 31 schmerzliche
455 1096 182 39 Stimmung
662 1096 162 38 gestaltet,
852 1096 66 28 und
945 1104 60 20 nur
1031 1095 68 28 eine
1125 1093 173 39 wehmütig
1316 1093 73 29 leise
1411 1091 169 39 Befreiung

200 1144 80 29 wird
307 1143 69 28 ihm
403 1142 97 29 zuteil
528 1142 101 29 durch
657 1140 275 38 Daphne-Lauras
960 1137 284 41 Bereitwilligkeit,
1285 1137 56 29 ihn
1372 1137 98 28 selbst
1507 1144 73 20 zum

202 1187 184 36 Musensitz,
405 1196 74 19 zum
496 1186 129 29 wahren
639 1185 107 29 Lauro
760 1194 39 19 zu
812 1184 150 38 geleiten;
981 1183 45 37 ja,
1044 1183 45 28 im
1108 1182 123 30 vierten
1246 1181 143 30 Canzone
1411 1179 104 39 (Rime
1528 1179 49 38 23)

201 1233 58 29 hat
288 1241 34 20 er
350 1241 56 28 gar
434 1230 205 38 geschildert,
676 1230 59 28 wie
763 1229 56 28 ihn
848 1229 99 28 Amor
975 1227 46 28 im
1049 1227 112 29 Bunde
1191 1226 60 28 mit
1281 1225 105 29 Laura
1425 1223 157 39 bezwingt

203 1277 68 29 und
290 1276 64 29 ihn
379 1275 119 30 selbst
518 1275 34 28 in
572 1274 61 29 den
653 1284 34 18 so
709 1273 114 30 anders
842 1272 167 29 ersehnten
1030 1272 105 28 Lauro
1155 1269 204 35 verwandelt,
1386 1268 68 29 eine
1475 1267 106 30 kühne

204 1320 213 39 Vorstellung,
439 1319 50 28 die
509 1319 50 28 ein
580 1317 151 30 Miniator
760 1317 56 29 des
849 1316 231 38 Quattrocento
1108 1324 91 29 sogar
1226 1315 33 27 in
1283 1313 203 38 Darstellung
1514 1320 54 20 um­

204 1367 149 28 zusetzen
370 1366 125 36 gewagt
513 1364 57 27 hat
592 1363 94 37 (Abb.
701 1361 30 38 2)
735 1361 12 17 3
748 1362 26 36 ):

532 1433 82 38 Qual
629 1433 45 28 mi
686 1432 60 30 fec'
761 1431 31 29 io
807 1431 129 37 quando
950 1430 119 38 primer
1084 1430 163 29 m’accorsi

527 1479 48 27 De
590 1478 31 28 la
635 1475 210 39 trasfigurata
860 1475 65 28 mia
939 1483 135 29 persona

527 1532 16 18 e
558 1522 11 28 i
583 1521 91 38 capei
687 1520 68 29 vidi
770 1519 49 29 far
835 1519 32 28 di
882 1518 105 39 quella
1001 1518 112 28 fronde

527 1566 43 29 Di
583 1565 58 30 che
655 1566 132 36 sperato
800 1572 77 21 aver
889 1562 54 40 giä
955 1562 49 30 lor
1017 1571 118 20 corona

527 1611 28 27 E
569 1611 11 28 i
595 1610 85 38 piedi
694 1609 34 29 in
742 1609 84 29 ch’io
841 1609 45 27 mi
899 1607 92 30 stetti
1005 1616 17 19 e
1038 1607 96 28 mossi
1147 1615 17 19 e
1179 1605 81 29 corsi

530 1653 176 39 (Com’ogni
721 1653 145 29 membro
880 1662 20 19 a
913 1651 132 30 l’anima
1058 1649 160 39 risponde)

528 1698 158 29 Diventar
701 1699 58 27 che
773 1697 100 29 radici
888 1704 94 21 sovra
996 1695 105 29 l’onde

528 1744 74 28 Non
616 1742 33 28 di
664 1743 106 27 Peneo
784 1751 55 18 ma
853 1741 78 29 d’un
945 1739 57 39 piü
1015 1740 102 28 altero
1129 1738 101 29 fiume

528 1788 61 28 E’n
606 1787 64 28 duo
683 1787 84 28 rami
781 1786 135 29 mutarsi
931 1784 92 29 ambe
1039 1784 28 28 le
1082 1782 140 30 braccia!

288 1869 79 29 Eine
384 1867 116 32 andere
517 1867 89 29 nicht
624 1866 125 29 minder
767 1865 145 39 wichtige
931 1863 89 30 Rolle
1037 1863 57 29 hat
1113 1860 205 31 Boccaccio
1335 1860 33 28 in
1385 1858 54 30 der
1458 1856 116 30 Renais­

207 1923 94 20 sance
315 1914 56 29 der
384 1912 212 40 Daphnesage
610 1911 144 38 gespielt.
770 1910 90 29 Zwar
873 1909 57 29 hat
946 1908 82 29 auch
1042 1917 44 25 er,
1100 1907 34 28 in
1149 1906 54 29 der
1218 1905 75 29 Vita
1308 1904 32 29 di
1355 1904 106 28 Dante
1476 1901 66 30 und
1555 1900 33 28 in

209 1958 55 29 der
284 1956 191 40 Genealogia
492 1956 153 34 Deorum,
662 1956 46 27 im
729 1954 94 29 Sinne
842 1953 165 30 Petrarcas
1025 1952 49 28 die
1094 1950 190 39 Bedeutung
1301 1949 54 28 des
1374 1945 151 30 Lorbeers
1543 1944 46 28 als

209 2002 55 30 des
282 2001 275 30 Dichterzeichens
574 2000 189 34 formuliert,
790 1997 100 30 wobei
907 2007 33 19 er
958 1996 141 39 zugleich
1117 2003 63 21 von
1199 1994 54 28 der
1272 1992 222 39 allegorischen
1511 1988 80 29 Aus-

294 2104 23 30 1)
338 2105 27 22 S.
386 2104 57 23 bes.
464 2103 45 23 die
533 2103 46 22 bei
598 2102 141 27 Burdach,
764 2101 73 23 Vom
856 2098 165 25 Mittelalter
1045 2104 49 16 zur
1114 2094 193 25 Reformation
1328 2093 48 26 IV,
1398 2091 93 24 Berlin
1513 2095 75 23 1929,

215 2140 27 23 S.
255 2147 51 22 204
321 2138 127 25 zitierten
464 2138 104 24 Stellen
582 2137 57 24 und
654 2138 62 22 ebd.
735 2137 27 23 S.
775 2136 69 31 79ff.
860 2135 44 23 die
918 2132 207 31 merkwürdige,
1143 2131 129 22 Petrarca
1286 2126 227 32 zugeschriebene
1526 2125 54 23 Ver­

213 2174 143 31 teidigung
374 2174 87 24 Ovids
479 2181 84 23 gegen
582 2173 53 23 den
654 2170 235 25 Anti-Ovidianus
906 2169 74 23 eines
998 2166 152 25 Mailänder
1168 2164 219 24 Franziskaners.

294 2209 25 31 2)
339 2209 130 31 Venedig,
490 2209 71 23 Bibi.
581 2209 84 23 Marc.
681 2208 66 23 Cod.
760 2207 35 23 It.
809 2206 51 27 IX,
873 2212 43 23 43.
936 2200 119 28 Ähnlich
1073 2203 38 22 im
1134 2200 157 32 Gegensinn
1311 2199 61 23 eine
1391 2196 133 24 Miniatur
1544 2195 49 23 der

213 2245 89 23 ehern.
319 2245 53 29 Slg.
385 2244 98 32 Henry
497 2245 87 23 Yates
598 2244 161 31 Thompson
781 2241 80 32 (jetzt
879 2241 30 22 in
928 2239 49 24 der
992 2239 54 29 Slg.
1060 2238 29 22 C.
1104 2238 26 23 S.
1143 2234 196 31 Gulbenkian),
1354 2233 47 23 Nr.
1413 2232 79 23 XCII
1506 2230 26 23 S.
1543 2236 48 24 143

216 2281 28 23 S.
254 2280 30 23 C.
295 2279 160 32 C(ockerell)
469 2279 42 24 in:
526 2280 25 22 A
565 2279 167 30 descriptive
740 2276 149 32 Catalogue
907 2275 29 23 of
950 2275 108 30 twenty
1076 2270 175 25 illuminated
1273 2277 63 16 mss.
1354 2287 4 4 .
1376 2287 5 4 .
1399 2287 15 9 .,
1430 2265 162 32 Cambridge

217 2322 76 24 1907,
313 2316 97 30 abgeb.
430 2315 44 23 bei
492 2314 256 31 d'Essling-Müntz,
770 2313 158 30 Petrarque,
948 2317 43 16 ses
1009 2309 97 24 Stüdes
1125 2307 81 24 d'art.
1224 2325 3 4 .
1245 2325 5 3 .
1267 2325 5 3 .
1289 2303 76 26 Paris
1382 2310 74 22 1902,
1472 2302 45 30 84;
1537 2300 54 31 vgl.

213 2351 92 24 ferner
323 2353 87 21 unten
426 2350 73 30 Kap.
512 2357 23 22 3.
556 2350 55 23 Auf
629 2349 74 23 einer
718 2347 184 25 künstlerisch
920 2345 61 24 sehr
1001 2343 162 25 schwachen
1176 2338 310 27 Canzoniere-Miniatur
1502 2336 90 31 (Rom,

214 2387 64 23 Vat.
295 2387 97 22 Ottob.
407 2385 48 24 lat.
471 2386 67 28 2998
548 2385 46 23 fol.
608 2385 60 30 52r)
680 2385 97 22 finden
791 2382 58 24 sich
864 2389 79 22 sogar
958 2380 130 24 Petrarca
1104 2378 58 31 (auf
1179 2377 53 24 den
1247 2375 84 24 Amor
1341 2374 84 30 zielt),
1436 2373 90 22 Laura
1536 2372 57 22 und

215 2423 44 23 die
274 2419 411 34 Apollo-Daphne-Verfolgung
698 2421 30 22 in
742 2418 117 32 gleicher
874 2415 171 25 Landschaft
1058 2413 143 31 vereinigt.

296 2458 28 29 3)
343 2456 135 24 Miniatur
500 2456 30 22 in
546 2455 90 23 einem
656 2455 29 23 in
702 2456 49 22 der
768 2453 72 25 Bibi.
859 2453 75 23 Com.
954 2459 33 16 zu
1005 2450 111 24 Brescia
1132 2448 162 24 bewahrten
1310 2441 282 31 Canzoniere-Druck,

217 2493 124 31 Venedig
356 2499 75 24 1470,
446 2490 47 24 fol.
506 2498 41 22 7r.
567 2490 130 24 Petrarca
716 2491 82 22 unter
817 2489 63 23 dem
892 2487 120 23 Lorbeer
1030 2484 115 27 sitzend,
1166 2490 56 16 von
1234 2480 99 32 Apollo
1350 2479 128 30 gekrönt:
1492 2477 91 24 Canzo­

217 2530 82 26 niere,
321 2527 124 30 Venedig
461 2533 74 24 1513,
557 2524 249 29 Titelholzschnitt,
821 2524 71 24 Abb.
909 2522 44 23 bei
970 2520 117 31 Essling,
1107 2518 95 25 Livres
1223 2518 16 23 &
1256 2515 101 32 figures
1376 2514 62 23 v£n.
1462 2514 22 22 I.
1499 2519 57 24 103,
1573 2519 21 15 s.

217 2565 71 23 auch
303 2564 62 23 ebd.
384 2564 28 24 S.
425 2569 58 22 109.
