2409 3159
857 344 40 29 14

1410 348 130 24 Bildliche
1555 349 201 33 Darstellungen
1771 353 29 22 in
1815 353 152 23 Mittelalter
1981 357 54 23 und
2052 356 179 26 Renaissance

852 406 153 39 gebracht
1019 406 58 29 ist:
1100 407 123 38 Apollo,
1239 408 35 28 in
1288 409 177 29 höfischem
1481 410 141 30 Gewand
1630 412 11 17 1
1643 413 21 37 ),
1681 412 73 31 tritt
1769 415 33 28 in
1818 415 106 38 eiliger
1939 417 178 40 Bewegung
2131 420 99 28 heran

855 449 65 29 und
940 449 71 30 faßt
1028 450 123 30 lebhaft
1169 452 82 28 nach
1271 453 55 27 der
1344 453 98 29 schon
1459 454 234 31 verwandelten
1715 457 134 36 Gestalt,
1870 459 94 29 deren
1985 459 244 43 Kopfwendung

853 492 82 29 doch
957 493 81 30 auch
1061 495 62 28 den
1147 494 176 31 Gedanken
1345 496 55 29 der
1423 497 135 30 Flucht
1580 499 97 30 schon
1700 500 144 31 ziemlich
1866 503 70 29 klar
1958 503 188 40 ausspricht.
2170 508 59 28 Die

852 536 153 30 Miniatur
1023 538 44 29 ist
1087 539 34 28 in
1141 538 101 31 dieser
1263 538 183 40 Beziehung
1465 542 98 29 schon
1583 544 79 29 über
1682 545 51 28 die
1753 547 119 28 Antike
1892 546 277 42 hinausgegangen
2189 568 41 3 —

851 580 122 29 freilich
995 582 112 29 stehen
1128 583 56 29 wir
1205 583 34 38 ja
1261 583 98 29 schon
1380 584 59 29 tief
1460 585 45 28 im
1528 595 46 28 14.
1592 587 230 40 Jahrhundert.

932 625 59 28 Die
1011 626 67 28 hier
1098 625 177 40 spürbaren
1296 627 138 30 Ansätze
1454 639 41 18 zu
1515 630 85 29 einer
1620 631 189 41 wenigstens
1829 634 145 38 einseitig
1994 635 235 31 dramatischen

852 667 177 40 Erfassung
1057 670 56 28 der
1137 669 98 30 Szene
1258 670 106 29 haben
1386 672 57 29 auf
1463 673 93 38 lange
1577 675 70 29 Zeit
1669 676 115 30 hinaus
1805 679 45 27 im
1872 679 151 30 Norden
2046 678 183 40 überhaupt

851 711 91 29 keine
963 712 173 39 Nachfolge
1155 714 170 39 gefunden.
1347 715 59 30 Die
1426 717 119 38 einzige
1565 729 59 18 uns
1644 719 159 32 bekannte
1823 723 167 29 nordische
2011 723 144 40 Fassung
2175 724 55 29 des

850 755 141 38 gleichen
1013 756 236 40 Daphnetypus
1270 759 46 28 im
1337 766 47 29 15.
1400 761 219 37 Jahrhundert
1640 763 102 30 findet
1763 766 67 28 sich
1850 766 33 29 in
1904 768 56 28 der
1981 776 58 20 vor
2061 766 80 40 1484
2160 772 55 24 ent­

849 799 177 30 standenen
1047 800 253 41 Kopenhagener
1315 803 100 30 Ovide
1436 805 369 34 moralise-Handschrift
1813 810 11 16 2
1826 810 10 37 )
1860 810 92 38 (Abb.
1966 811 47 39 4);
2034 812 50 28 die
2105 811 123 31 Pariser

851 843 162 34 Miniatur,
1031 846 57 27 auf
1104 845 50 30 die
1171 845 44 30 sie
1233 846 84 29 wohl
1333 847 119 30 letzten
1469 849 106 30 Endes
1592 851 205 41 zurückgeht,
1817 854 79 29 wird
1911 856 68 28 hier
1997 854 230 37 modernisiert,

850 896 64 20 was
933 887 171 40 plastische
1123 890 67 29 und
1207 890 175 30 räumliche
1401 892 157 40 Wirkung
1575 895 129 38 angeht,
1725 896 95 30 dabei
1837 898 80 29 wird
1936 900 76 28 aber
2030 900 51 28 ihr
2100 899 127 31 Bestes:

848 931 50 28 die
916 932 107 29 innere
1041 932 228 41 Lebendigkeit
1287 936 210 29 unterdrückt
1515 941 176 36 zugunsten
1709 940 84 30 einer
1811 942 125 38 platten
1952 942 274 33 Zuständlichkeit

849 975 80 29 ohne
951 976 71 38 jede
1044 976 213 31 dramatische
1273 980 141 38 Regung.
1432 981 89 29 Auch
1542 983 100 37 einige
1665 983 123 30 weitere
1803 986 164 29 nordische
1982 986 244 41 Darstellungen

848 1019 55 28 des
923 1027 46 29 15.
985 1019 246 40 Jahrhunderts,
1251 1022 51 29 die
1320 1024 92 28 einen
1429 1025 139 29 anderen
1586 1026 238 41 Daphnetypus
1841 1032 172 34 vertreten,
2031 1031 108 39 zeigen
2156 1032 70 28 eine

846 1063 64 30 fast
920 1064 114 39 völlige
1045 1065 236 40 Ausschaltung
1297 1067 54 28 des
1366 1067 235 31 dramatischen
1612 1070 157 31 Moments
1779 1072 32 28 in
1822 1073 54 29 der
1891 1074 199 39 Verfolgung.
2103 1075 37 29 In
2151 1075 75 29 zwei

847 1107 56 28 der
920 1106 165 32 frühesten
1102 1109 254 31 Handschriften
1373 1111 56 29 der
1448 1112 135 38 „Epitre
1601 1113 159 31 d’Othea“
1776 1116 56 28 der
1845 1116 157 31 Christine
2016 1118 211 30 dePisanum

848 1157 160 31 1405—io
1014 1152 13 17 3
1028 1153 10 37 )
1056 1153 94 38 (Abb.
1164 1154 30 37 5)
1208 1153 158 29 erscheint
1375 1172 41 3 —
1424 1156 53 27 für
1492 1166 60 19 uns
1567 1167 75 20 zum
1656 1160 105 28 ersten
1777 1160 131 30 Male—
1921 1162 100 29 dieser
2037 1162 188 31 sonderbare

846 1194 247 41 Daphnetypus,
1109 1196 61 30 den
1184 1196 51 30 die
1245 1197 119 29 Antike
1376 1198 89 29 nicht
1479 1200 119 29 kannte
1614 1201 85 39 (man
1715 1202 126 30 möchte
1851 1203 140 32 meinen:
2001 1206 89 29 nicht
2101 1206 124 30 kennen

846 1237 149 38 konnte):
1016 1240 50 28 die
1086 1240 236 40 Verwandlung
1341 1242 57 29 hat
1419 1252 64 19 von
1504 1244 82 29 oben
1606 1245 56 30 her
1681 1245 177 39 begonnen,
1880 1248 67 30 und
1967 1249 77 29 über
2065 1250 61 30 den
2145 1261 82 27 ganz

843 1282 94 38 ruhig
954 1282 218 32 dastehenden
1189 1285 121 30 Beinen
1326 1286 67 29 und
1409 1287 73 28 dem
1499 1288 122 38 Rumpf
1637 1290 55 29 der
1708 1290 139 30 nackten
1865 1291 125 32 Gestalt
2007 1294 137 30 erheben
2159 1295 66 28 sich

844 1327 81 28 statt
944 1326 88 40 Kopf
1047 1329 67 27 und
1129 1328 121 30 Armen
1266 1330 96 37 große
1380 1330 124 30 Büsche
1521 1342 63 19 von
1600 1333 153 41 Zweigen.
1771 1335 94 29 Diese
1882 1337 139 38 Bildung
2035 1338 42 29 ist
2094 1338 118 30 schwer­

842 1369 64 30 lich
934 1380 65 19 von
1026 1373 75 28 dem
1121 1372 184 31 Illustrator
1332 1374 42 28 ad
1394 1376 61 28 hoc
1475 1376 155 31 erfunden
1651 1378 139 36 worden,
1817 1380 154 29 vielmehr
1992 1381 146 40 verlangt
2158 1383 68 28 sein

842 1414 190 32 Abweichen
1055 1426 63 19 von
1141 1417 55 29 der
1218 1417 101 30 durch
1342 1418 50 30 die
1415 1420 124 29 Pariser
1560 1420 153 32 Miniatur
1738 1422 92 39 (Abb.
1845 1424 30 39 3)
1898 1424 229 41 verkörperten
2149 1427 62 28 Tra­

843 1457 102 30 dition
970 1459 50 28 die
1045 1454 213 46 Überlegung,
1284 1462 41 28 ob
1348 1463 69 29 ihm
1439 1463 230 42 form-analoge
1694 1467 167 29 Vorbilder
1885 1479 58 19 aus
1968 1469 138 31 anderen
2133 1471 76 28 Sinn­

841 1502 312 42 zusammenhängen
1170 1505 189 40 Vorgelegen
1375 1507 107 29 haben
1500 1509 157 36 könnten;
1677 1511 67 28 und
1760 1512 34 28 in
1812 1512 56 29 der
1885 1514 62 28 Tat
1965 1514 102 29 findet
2085 1513 68 31 sich
2171 1516 52 27 ein

840 1546 123 30 solches
976 1564 42 3 —
1031 1548 76 30 oder
1122 1548 82 31 doch
1218 1550 191 39 wenigstens
1424 1552 56 29 der
1493 1553 112 38 Typus
1618 1554 86 31 eines
1718 1555 128 31 solchen
1859 1573 41 4 —
1913 1558 34 29 in
1961 1558 86 30 einer
2061 1558 143 32 Alraun­

842 1591 371 44 wurzel-Darstellung,
1225 1594 58 29 wie
1293 1595 43 29 sie
1346 1595 33 28 in
1390 1596 288 33 mittelalterlichen
1690 1599 294 32 Pflanzenbüchern
1993 1603 150 31 zuweilen
2152 1614 58 19 Vor­

841 1636 160 29 kommen.
1017 1637 38 29 In
1065 1637 74 29 dem
1147 1647 55 20 um
1213 1646 79 29 1023
1301 1640 231 30 entstandenen
1545 1641 170 32 Hrabanus
1731 1644 258 32 Maurus-Kodex
2004 1648 33 28 in
2048 1647 176 31 Montecas-

840 1680 68 29 sino
915 1681 12 16 4
928 1680 9 38 )
958 1681 80 29 wird
1056 1682 50 28 die
1126 1681 254 41 „Mandragora“
1401 1685 46 28 als
1466 1686 132 29 nackter
1617 1687 177 32 weiblicher
1813 1690 125 38 Körper
1957 1690 265 41 wiedergegeben,

841 1724 55 28 der
913 1727 81 26 statt
1013 1725 55 29 des
1086 1725 123 39 Kopfes
1225 1727 93 29 einen
1333 1727 134 39 riesigen
1486 1729 104 30 Blatt-
1608 1731 66 30 und
1692 1732 241 32 Blütenaufbau
1948 1737 103 37 trägt;
2070 1736 61 30 mit
2148 1737 75 28 dem

839 1768 92 29 einen
951 1769 70 28 Fuß
1048 1770 42 28 ist
1118 1779 33 20 er
1172 1780 42 20 an
1235 1771 58 29 das
1314 1772 168 29 Halsband
1502 1773 85 30 eines
1609 1775 133 31 Hundes
1762 1777 156 40 gefesselt,
1942 1779 55 30 der
2017 1789 65 19 von
2102 1779 119 31 seinem

840 1812 104 29 Herrn
967 1816 192 37 angespornt
1183 1815 175 39 weglaufen
1381 1816 67 29 und
1471 1817 93 30 dabei
1587 1820 51 29 für
1660 1820 56 28 ihn
1740 1821 50 29 die
1813 1821 126 31 Wurzel
1962 1821 166 33 ausreißen
2151 1824 68 34 soll,

920 1891 23 30 1)
956 1887 150 28 Ähnliches
1120 1893 29 24 in
1164 1894 55 23 den
1233 1893 147 31 folgenden
1396 1896 222 31 Darstellungen,
1635 1898 96 24 soweit
1745 1906 29 16 er
1789 1900 78 24 nicht
1882 1901 133 31 geradezu
2031 1903 40 22 als
2087 1902 128 28 „Ritter"

838 1925 120 25 auftritt.
974 1927 35 22 In
1022 1927 143 32 Ber<juires
1178 1929 181 24 einleitender
1374 1929 301 28 Götter-Moralisation
1688 1934 67 23 wird
1770 1942 28 15 er
1812 1935 192 25 ausdrücklich
2018 1938 89 23 einem
2122 1945 96 23 „prae-

836 1961 93 24 latus"
949 1962 168 31 verglichen.

917 1997 26 30 2)
957 1998 52 22 Ms.
1022 1999 97 22 Thott.
1131 2006 59 23 399,
1205 1999 57 30 vgl.
1276 2000 120 24 darüber
1408 2001 38 22 M.
1460 2002 35 22 D.
1510 2003 117 28 Henkel,
1643 2004 134 32 Vorträge
1791 2006 48 22 der
1853 2006 71 23 Bibi.
1939 2007 136 30 Wartung
2091 2007 125 32 1926/27,

836 2031 219 33 Leipzig-Berlin
1063 2041 74 22 1930,
1149 2035 92 23 S.Ö2f.
1251 2035 57 23 und
1315 2035 45 23 die
1368 2035 177 25 Preisschrift
1553 2046 55 15 von
1619 2039 25 31 J.
1653 2039 92 25 Th.M.
1755 2041 80 22 van’t
1845 2041 78 27 Sant,
1932 2042 38 23 Le
1978 2041 199 26 commentaire
2184 2044 34 22 de

838 2067 184 32 Copenhague
1037 2069 34 22 de
1085 2069 17 23 1’
1119 2069 109 29 „Ovide
1245 2070 146 25 moralise''
1405 2079 68 16 avec
1488 2072 17 23 1’
1516 2074 103 22 edition
1632 2074 162 33 critiquedu
1806 2078 132 29 septieme
1952 2077 78 28 livre,
2041 2078 179 24 Amsterdam

840 2109 76 22 1929.
931 2103 101 31 Apollo
1042 2104 61 23 hier
1120 2112 31 17 so
1162 2106 115 31 würdig,
1290 2107 57 22 daß
1365 2113 30 17 er
1411 2108 31 22 in
1452 2108 177 25 Widerstreit
1640 2118 33 15 zu
1694 2110 49 23 der
1754 2111 230 24 ausdrücklichen
1999 2113 156 25 Vorschrift
2169 2115 49 22 der

839 2138 336 33 Götterbeschreibungen
1190 2148 81 24 sogar
1286 2142 110 30 bärtig
1411 2144 122 30 gegeben
1547 2144 45 23 ist.

916 2173 26 30 3)
957 2173 86 28 Paris,
1062 2175 72 23 Bibi.
1153 2176 65 23 Nat.
1237 2176 33 23 fr.
1283 2178 52 22 606
1353 2177 56 23 und
1427 2179 125 27 London,
1572 2180 69 23 Brit.
1660 2180 69 22 Mus.
1749 2181 78 23 Harl.
1840 2188 65 24 4431
1929 2183 81 30 (Abb.
2023 2191 28 22 5;
2071 2184 100 32 Apollo
2188 2185 28 23 in

835 2214 63 16 rosa
915 2209 80 22 Rock
1011 2209 52 23 mit
1079 2212 89 22 rotem
1185 2206 156 33 Überwurf,
1360 2212 190 32 Hintergrund
1567 2214 236 32 blau-gold-weiß;
1821 2217 87 23 schon
1924 2219 125 23 erwähnt
2066 2226 56 18 von
2139 2221 78 21 War-

835 2242 70 31 burg
928 2251 25 15 a.
965 2251 24 15 a.
1002 2244 31 23 O.
1062 2245 27 23 S.
1101 2252 31 22 31
1159 2247 82 23 Anm.
1254 2246 26 31 4)
1288 2254 6 20 ;
1321 2248 29 21 P.
1365 2247 32 24 G.
1408 2248 29 23 C.
1449 2249 150 31 Campbell,
1626 2245 128 37 L’ltpitre
1779 2251 128 29 d’Othea,
1934 2254 77 23 Paris
2038 2261 74 25 1924,
2138 2256 47 22 Nr.
2199 2263 14 15 2

835 2285 26 15 u.
874 2285 41 23 31,
939 2279 26 23 S.
980 2279 66 28 igff.
1068 2280 131 31 Obgleich
1219 2281 143 31 Campbell
1381 2282 43 24 die
1444 2284 107 24 Pariser
1570 2285 49 22 Hs.
1640 2285 44 24 für
1703 2286 60 23 eine
1784 2287 90 31 Kopie
1893 2289 48 22 der
1955 2289 146 24 Londoner
2120 2291 94 22 halten

835 2320 33 15 zu
890 2315 110 22 müssen
1020 2314 97 30 glaubt
1140 2316 39 30 (S.
1191 2316 53 31 23),
1268 2318 110 22 möchte
1397 2319 46 21 ich
1463 2320 44 22 die
1523 2320 148 24 Londoner
1685 2321 289 33 Daphnedarstellung
1995 2326 44 22 für
2060 2325 60 25 eine
2139 2324 73 29 freie,

833 2348 147 24 dekorativ
987 2350 136 27 reizvolle,
1133 2352 64 23 aber
1212 2352 73 23 doch
1294 2353 107 23 minder
1415 2355 121 28 graziöse
1545 2356 57 22 und
1610 2355 167 26 lebensvolle
1785 2358 134 23 Variante
1932 2360 49 22 der
1990 2361 106 23 Pariser
2108 2360 103 25 halten.

914 2385 26 29 4)
955 2386 32 21 A.
1000 2385 36 23 M.
1048 2387 108 27 Amelli,
1167 2387 150 25 Miniature
1327 2395 75 17 sacre
1412 2397 14 15 e
1436 2390 115 30 profane
1563 2410 5 4 .
1582 2410 5 4 .
1601 2410 5 3 .
1618 2391 36 24 M.
1666 2391 114 24 Cassino
1793 2393 75 29 1896,
1880 2395 80 23 Buch
1970 2396 72 23 XIX
2052 2396 65 31 Cap.
2129 2396 80 26 VIII,

834 2419 72 24 Abb.
918 2420 60 23 Taf.
991 2420 144 24 CXXVII.
1160 2422 52 24 Die
1235 2423 184 31 Mandragora
1441 2425 39 22 im
1503 2425 152 25 Hausbuch
1679 2427 55 22 den
1750 2428 108 23 Cerruti
1881 2430 72 30 zeigt
1976 2431 72 23 nach
2073 2429 138 26 Schlosser

834 2454 111 31 (Jahrb.
960 2456 26 21 d.
1004 2456 114 23 Kunsts.
1135 2457 25 23 d.
1177 2458 44 23 ah.
1240 2458 34 23 K.
1290 2459 78 26 XVI,
1386 2460 76 28 1895,
1479 2460 59 31 149)
1555 2462 80 23 einen
1649 2462 98 32 Typus
1760 2463 53 22 mit
1826 2465 215 24 menschlichem
2055 2465 85 32 Kopf,
2154 2473 57 15 was

833 2489 86 24 schon
933 2491 100 23 vorher
1048 2492 50 22 das
1113 2487 126 33 Übliche,
1256 2493 54 30 vgl.
1327 2494 44 22 die
1387 2495 135 31 Beispiele
1537 2496 45 23 bei
1598 2497 33 23 R.
1643 2497 30 24 T.
1688 2498 135 27 Günther,
1841 2500 58 23 The
1915 2501 104 24 Herbai
2034 2502 29 22 of
2078 2499 134 34 Apulejus

834 2524 149 28 Barbarus,
1004 2526 106 24 Oxford
1132 2533 75 25 1925.
