2464 3159
468 829 356 41 VERZEICHNIS
848 829 109 34 DER
979 823 388 40 ABBILDUNGEN

360 932 137 27 Textabb.
512 940 21 15 i.
553 930 204 26 Alraunwurzel
778 927 204 32 (Mandragora)
1003 933 50 16 aus
1072 926 48 24 des
1144 924 149 24 Hrabanus
1311 923 112 24 Maurus
1444 922 59 29 „De
1518 928 90 17 rerum

561 966 135 28 naturis“,
710 965 67 24 Cod.
787 964 141 24 Casinens.
942 969 58 24 132,
1015 969 48 17 um
1076 968 64 24 1023
1157 960 82 30 (nach
1252 959 108 27 Amelli,
1374 957 148 25 Miniature
1535 964 75 16 sacre

564 1010 14 16 e
596 1001 116 32 profane
730 1018 57 10 ....
803 998 205 25 Montecassino
1026 996 86 32 1896).

371 1047 136 25 Textabb.
521 1054 23 16 2.
565 1045 150 29 Botticelli,
734 1044 165 25 Ausschnitt
916 1050 50 16 aus
982 1042 49 22 der
1048 1039 223 32 „Verleumdung
1288 1038 48 23 des
1352 1036 140 34 Apelles“:
1510 1035 89 24 Wand­

562 1082 78 24 relief
656 1081 53 24 mit
727 1081 32 23 A.
773 1089 26 15 u.
813 1080 46 27 D.,
878 1077 123 27 Florenz,
1021 1075 130 26 Uffizien.

371 1126 137 25 Textabb.
521 1134 23 23 3.
565 1125 206 26 Bartolommeo
795 1124 28 23 di
849 1122 147 28 Giovanni,
1022 1119 163 26 Ausschnitt
1208 1127 49 15 aus
1281 1119 63 22 dem
1369 1116 100 29 „Raub
1492 1116 48 23 der
1565 1115 47 23 Sa-

564 1161 193 29 binerinnen",
778 1161 81 25 Rom,
881 1159 61 22 Gal.
952 1156 133 26 Colonna.

374 1206 137 25 Textabb.
524 1215 23 21 4.
568 1205 177 26 Holzschnitt
772 1204 51 24 mit
852 1204 31 22 A.
898 1211 25 14 u.
939 1203 33 22 D.
1001 1208 49 16 aus
1077 1201 48 23 der
1151 1191 464 40 Metamorphosen-Allegorisation

569 1241 186 32 Bonsignoris,
775 1239 125 30 Venedig
920 1238 85 30 (Zoan
1025 1234 97 32 Rosso)
1147 1241 74 24 1497.

235 1297 79 24 Tafel
326 1298 21 22 I.
426 1295 71 24 Abb.
530 1302 21 16 1.
572 1295 33 22 A.
619 1302 26 15 u.
660 1294 44 27 D.,
723 1292 136 24 Miniatur
876 1292 38 23 im
934 1287 208 27 Petrarca-Cod.
1163 1288 35 23 It.
1211 1287 51 26 IX,
1275 1292 32 24 43
1327 1285 48 23 der
1394 1283 71 25 Bibi.
1485 1283 83 22 Marc,
1587 1280 28 23 in

573 1329 131 30 Venedig,
726 1326 210 28 Florentinisch,
958 1325 95 23 zweite
1073 1323 95 25 Hälfte
1191 1329 39 22 15.
1245 1321 95 31 Jahrh.

424 1374 72 25 Abb.
527 1382 23 15 2.
570 1373 132 24 Petrarca
720 1372 41 24 als
779 1371 101 26 Lauro,
899 1369 135 23 Miniatur
1051 1367 29 24 in
1097 1367 92 23 einem
1207 1365 151 31 Exemplar
1375 1363 49 25 des
1441 1362 177 25 Canzoniere-

571 1408 109 24 Drucks
698 1407 124 30 Venedig
843 1413 68 23 1470
928 1406 31 22 in
977 1403 50 25 der
1045 1402 73 24 Bibi.
1137 1402 77 24 Com.
1234 1409 34 15 zu
1287 1398 120 29 Brescia,
1427 1399 47 23 fol.
1486 1406 42 23 7r.

236 1469 78 24 Tafel
324 1469 38 22 II.
422 1467 73 24 Abb.
524 1474 24 22 3.
568 1466 33 23 A.
615 1474 27 14 u.
656 1465 44 26 D.,
721 1463 135 25 Miniatur
874 1469 50 17 aus
944 1460 63 25 dem
1028 1459 89 25 Ovide
1135 1457 188 26 moralisü-Ms.
1341 1457 69 30 5069
1430 1457 49 22 der
1491 1456 72 22 Bibi,
1585 1454 34 24 de

569 1500 136 25 l'Arsenal
726 1500 29 23 in
774 1499 85 27 Paris,
883 1498 46 22 fol.
942 1503 42 24 4r,
1009 1494 186 28 Französisch,
1219 1493 108 24 zweites
1346 1491 102 25 Viertel
1469 1498 39 23 14.
1523 1490 95 31 Jahrh.

426 1546 71 24 Abb.
528 1554 23 21 4.
572 1545 32 23 A.
619 1553 26 14 u.
661 1544 43 27 D.,
725 1542 135 26 Miniatur
879 1549 49 15 aus
946 1540 48 24 der
1008 1538 89 25 Ovide
1117 1536 187 26 moralise-Hs.
1316 1535 87 25 Thott
1415 1543 50 22 399
1484 1535 47 23 der
1547 1534 72 24 Kön.

570 1580 72 25 Bibi.
656 1577 201 34 Kopenhagen,
876 1577 46 24 fol.
935 1585 32 22 45
975 1584 21 19 r.
1015 1571 235 32 Niederländisch,
1270 1579 47 18 um
1337 1570 76 33 1480.

425 1627 71 24 Abb.
526 1634 25 22 5.
571 1625 33 24 A.
619 1633 25 14 u.
660 1624 44 26 D„
730 1622 135 25 Miniatur
889 1628 49 16 aus
961 1618 138 27 Christine
1124 1619 33 23 de
1181 1617 91 28 Pisan,
1299 1616 95 30 Epltre
1419 1614 127 27 d'Othöa,
1570 1613 51 24 Ms.

571 1660 77 25 Harl.
657 1666 65 24 4431
736 1659 48 23 des
794 1659 70 22 Brit.
871 1657 69 23 Mus.
949 1655 124 29 London,
1088 1655 46 22 fol.
1145 1660 50 24 134
1200 1662 27 19 v,
1243 1649 188 31 Französisch,
1443 1658 47 16 um
1501 1649 119 31 1405/10.

240 1721 77 25 Tafel
328 1720 54 24 III.
428 1719 70 25 Abb.
528 1721 24 22 6.
573 1718 32 24 A.
615 1726 25 14 u.
652 1717 43 26 D„
708 1715 157 26 Kolorierte
874 1712 157 33 Zeichnung
1041 1709 194 27 ausChristine
1244 1710 34 22 de
1289 1709 90 26 Pisan,
1392 1707 95 31 Epltre
1497 1705 126 27 d’Othöa,

571 1754 50 24 Ms.
638 1752 78 24 Bodl.
726 1758 50 24 421
793 1752 48 22 der
853 1750 79 25 Bodl.
942 1748 74 25 Libr.
1027 1746 116 29 Oxford,
1158 1745 49 25 fol.
1218 1747 60 26 6or,
1290 1743 188 28 Französisch,
1489 1750 48 15 um
1549 1742 74 29 1460.

433 1799 70 24 Abb.
534 1807 23 22 7.
578 1798 32 23 A.
624 1805 26 15 u.
666 1797 44 26 D„
735 1795 135 25 Miniatur
893 1801 50 15 aus
966 1791 137 27 Christine
1127 1792 34 22 de
1186 1790 91 26 Pisan,
1303 1787 96 33 Epltre
1423 1785 127 28 d’Othea,
1575 1784 50 24 Ms.

574 1840 32 24 74
625 1833 25 23 G
662 1839 32 23 27
710 1832 48 23 der
774 1832 72 23 Kon.
864 1830 71 23 Bibi,
951 1828 38 24 im
1001 1827 89 31 Haag,
1106 1826 46 24 fol.
1165 1825 59 30 83r.
1241 1822 188 31 Französisch,
1446 1828 46 17 um
1505 1820 121 31 1450/60.

428 1879 73 24 Abb.
530 1879 25 22 8.
574 1878 34 22 A.
617 1884 27 15 u.
654 1876 45 27 D.,
721 1873 180 26 Holzschnitt
918 1880 51 16 aus
987 1871 72 27 „Les
1075 1872 65 23 cent
1152 1869 128 23 histoires
1293 1867 35 22 de
1340 1865 117 33 Troye",
1472 1865 85 26 Paris,
1572 1870 21 17 s.
1602 1870 25 15 a.

576 1912 45 24 bei
631 1911 69 24 Phil.
714 1910 160 32 Pigouchet,
891 1916 26 23 p.
930 1905 175 32 LXXXVII,
1125 1902 187 29 Französisch,
1329 1901 77 25 Ende
1421 1902 47 22 des
1481 1907 38 23 15.
1532 1898 95 32 Jahrh.

246 1968 80 24 Tafel
336 1968 48 23 IV.
436 1967 72 24 Abb.
537 1974 25 21 9.
581 1964 104 32 Loyset
705 1963 105 28 Liedet,
832 1964 33 22 A.
880 1970 26 15 u.
921 1962 45 26 D.,
987 1958 134 25 Miniatur
1141 1965 49 16 aus
1210 1955 136 25 Christine
1367 1953 33 25 de
1421 1953 90 27 Pisan,
1534 1952 95 30 Epltre

578 2000 131 28 d’Othea,
727 1999 51 24 Ms.
790 2006 69 22 9392
879 1998 48 22 der
946 1995 74 25 Kön.
1040 1994 71 25 Bibi.
1133 1992 118 28 Brüssel,
1271 1990 46 25 fol.
1330 1996 65 22 90v,
1416 1997 47 15 um
1484 1989 75 29 1461.

433 2047 71 24 Abb.
519 2054 39 16 10.
578 2044 169 33 Verfolgung
760 2044 57 23 und
831 2039 205 34 Verwandlung
1049 2038 49 25 der
1112 2039 43 26 D.,
1170 2036 134 25 Miniatur
1322 2041 49 17 aus
1391 2031 141 34 Berijuires
1544 2031 87 24 Meta-

577 2078 373 35 morphosen-Kommentar,
960 2075 67 25 Cod.
1039 2074 115 24 membr.
1166 2073 23 27 I,
1199 2072 36 28 98
1244 2071 50 24 der
1306 2067 129 34 Herzogi.
1444 2067 73 25 Bibi.
1529 2066 102 28 Gotha,

577 2116 46 24 fol.
636 2122 46 22 9V,
702 2112 238 29 Oberitalienisch,
960 2118 47 17 um
1028 2116 75 26 1400.

434 2162 70 24 Abb.
519 2169 39 16 11.
579 2159 100 32 Apollo
697 2160 122 23 umarmt
837 2157 45 24 die
900 2153 186 28 verwandelte
1105 2154 44 27 D.,
1168 2152 116 24 ebenda.

251 2220 78 24 Tafel
338 2221 33 22 V.
438 2219 70 24 Abb.
524 2226 38 17 12.
582 2215 234 28 Cassonemalerei
832 2215 53 23 mit
901 2215 48 22 der
965 2210 170 36 Verfolgung
1151 2210 49 23 der
1217 2210 43 25 D.,
1279 2205 124 30 London,
1421 2204 66 24 Earl
1503 2203 28 23 of
1547 2202 86 24 Hare-

582 2254 87 26 wood,
691 2249 212 29 Florentinisch,
924 2256 48 16 um
995 2254 66 24 1450
1083 2246 82 30 (nach
1186 2242 162 32 Schubring,
1369 2239 132 32 Cassoni).

443 2299 70 23 Abb.
528 2305 39 24 13.
587 2295 236 27 Cassonemalerei
836 2295 53 23 mit
898 2294 49 23 der
954 2289 207 36 Verwandlung
1169 2289 49 24 der
1226 2289 45 26 D.,
1282 2284 178 35 Gegenstück
1469 2291 32 16 zu
1510 2282 71 24 Abb.
1596 2288 39 16 12.

440 2343 70 23 Abb.
525 2350 39 23 14.
584 2339 234 27 Cassonemalerei
831 2339 53 23 mit
902 2339 49 22 der
967 2333 166 29 Geschichte
1147 2333 48 24 der
1209 2333 44 27 D.,
1268 2329 124 29 London,
1410 2326 123 32 Sotheby
1545 2326 22 23 &
1579 2324 56 29 Co.,

588 2375 202 27 Florentinisch
802 2375 52 30 (?),
873 2382 49 16 um
942 2378 75 25 1450.

252 2432 79 25 Tafel
340 2431 49 24 VI.
441 2431 71 23 Abb.
526 2438 40 23 15.
586 2430 43 23 Fr.
638 2428 191 32 Buonsignori,
841 2424 167 27 Geschichte
1018 2424 48 23 der
1076 2424 44 27 D.,
1132 2419 173 33 Settignano,
1319 2415 160 33 Sammlung
1490 2413 146 25 Berenson.

440 2475 74 23 Abb.
528 2476 40 22 16.
586 2471 233 27 Cassonemalerei
842 2471 53 23 mit
919 2470 49 23 der
992 2464 205 35 Verwandlung
1221 2465 48 23 der
1294 2463 44 25 D.,
1364 2461 85 28 Paris,
1478 2457 160 33 Sammlung

589 2508 158 30 Lazzaroni,
769 2503 239 32 Oberitalienisch,
1029 2511 47 16 um
1099 2503 66 30 1480
1186 2500 82 30 (nach
1289 2495 162 33 Schubring,
1471 2492 132 33 Cassoni).

255 2565 78 24 Tafel
342 2564 65 24 VII.
444 2564 71 23 Abb.
530 2570 38 24 17.
590 2561 121 25 Antonio
729 2558 160 30 Pollaiuolo,
909 2560 32 21 A.
956 2566 25 16 u.
997 2557 43 27 D.,
1061 2554 123 29 London,
1203 2551 133 25 National
1355 2548 118 33 Gallery.
