2409 3159
1475 344 273 32 Bedeutungswandel
1761 354 57 17 vom
1833 348 152 23 Mittelalter
1998 357 46 16 zur
2060 350 179 26 Renaissance

868 334 19 29 8

866 404 141 38 deutung
1042 405 55 27 der
1126 405 245 38 Eigenschaften
1407 406 55 30 des
1491 406 152 32 Lorbeers
1671 409 45 27 im
1743 409 270 31 herkömmlichen
2045 412 92 31 Sinne
2167 424 56 19 aus­

864 446 144 40 giebigen
1032 447 166 30 Gebrauch
1220 449 118 29 macht.
1342 449 11 17 1
1356 450 8 37 )
1395 450 68 29 Viel
1492 451 160 40 wichtiger
1673 453 41 28 ist
1737 453 84 35 aber,
1846 454 62 28 daß
1930 464 32 19 er
1984 456 46 28 als
2050 459 97 28 erster
2168 459 68 28 eine

864 489 213 40 selbständige
1092 492 164 38 epische,
1273 492 34 39 ja
1321 494 45 28 im
1383 492 128 32 Grunde
1528 494 159 32 durchaus
1702 497 232 29 dramatisch
1950 498 211 40 empfundene
2178 502 44 28 Be­

863 533 164 40 handlung
1041 535 54 28 der
1108 536 211 38 Daphnesage
1331 541 124 34 gewagt
1470 539 66 30 und
1550 538 102 31 damit
1666 541 55 28 der
1736 542 107 28 Kunst
1857 542 76 28 aller
1947 541 157 40 Folgezeit
2119 561 39 4 —
2171 546 65 28 und

863 586 83 20 zwar
960 579 54 28 der
1028 579 173 38 Dichtung,
1217 580 55 28 der
1286 580 170 30 bildenden
1472 583 106 30 Kunst
1594 583 66 30 und
1674 585 55 28 der
1744 585 105 29 Musik
1861 603 42 3 —
1915 585 243 32 entscheidende
2173 590 48 27 An­

861 629 120 31 regung
995 623 139 38 gegeben
1148 625 66 27 hat.
1233 624 44 28 Er
1291 625 75 37 griff
1382 626 91 29 dabei
1489 626 121 31 freilich
1625 627 88 31 nicht
1729 629 104 29 direkt
1850 630 56 28 auf
1922 630 93 35 Ovid,
2032 630 135 31 sondern
2182 634 55 26 auf

862 664 264 41 spätgriechische
1141 668 183 38 Fassungen
1339 669 54 28 der
1410 669 78 39 Sage
1503 671 133 29 zurück:
1652 672 66 29 sein
1733 673 149 36 „Ninfale
1897 672 186 33 Fiesolano“
2099 675 57 29 hat
2171 676 65 28 sich

861 709 46 28 im
933 709 188 30 Stofflichen
1144 712 49 28 als
1215 712 269 40 Nachkömmling
1507 714 57 29 der
1588 725 65 19 von
1676 716 189 31 Parthenios
1888 718 161 30 Nicaenus
2071 718 35 28 in
2129 719 109 28 seinen

861 752 205 32 Narrationes
1084 754 183 30 Amatoriae
1285 756 178 39 gegebenen
1483 759 240 40 Formulierung
1740 762 238 39 herausgestellt
1988 763 11 17 2
2000 763 26 38 );
2053 763 76 28 aber
2153 766 84 25 trotz

861 796 100 31 dieser
985 799 182 29 stofflichen
1191 799 235 40 Abhängigkeit
1451 811 63 20 von
1539 803 85 28 einer
1649 805 138 28 anderen
1811 807 176 35 Tradition,
2013 808 50 28 die
2089 807 149 38 übrigens

860 840 89 31 nicht
970 842 122 28 überall
1111 842 129 30 fühlbar
1259 844 42 29 ist
1322 863 41 2 —
1382 846 50 28 bei
1454 845 171 32 Boccaccio
1645 849 117 28 nimmt
1781 849 34 38 ja
1836 851 50 27 die
1906 851 154 38 Tragödie
2082 851 155 29 zwischen

859 884 122 31 Affrico
993 887 67 28 und
1071 887 141 29 Mensola
1223 888 91 29 einen
1326 890 138 29 anderen
1475 890 132 31 Verlauf
1617 892 47 28 als
1673 893 35 27 in
1719 893 55 28 der
1786 893 134 38 Vorlage
1931 912 40 4 —
1982 896 67 28 und
2061 895 50 29 die
2123 904 100 29 gegen­

859 929 78 29 über
956 931 55 27 der
1028 931 251 29 künstlerischen
1298 932 202 41 Originalität
1519 935 55 28 des
1592 935 310 40 lebenssprühenden
1920 938 112 30 Werks
2049 939 187 30 Boccaccios

859 973 182 40 überhaupt
1063 975 88 29 nicht
1176 976 90 28 stark
1287 976 49 30 ins
1362 976 142 33 Gewicht
1527 979 86 34 fällt,
1637 980 42 28 ist
1703 980 81 28 doch
1807 982 81 28 auch
1913 982 83 29 Ovid
2018 984 52 28 für
2091 983 56 29 ihn
2171 993 64 19 von

859 1017 260 31 entscheidender
1153 1020 190 39 Bedeutung
1379 1021 181 40 geworden,
1600 1032 66 20 nun
1705 1024 76 28 aber
1819 1026 159 29 natürlich
2018 1027 59 28 mit
2116 1026 120 30 seinem

859 1061 268 32 dramatischsten
1152 1064 153 35 Moment,
1333 1065 63 28 der
1425 1065 233 40 Verfolgung
1684 1068 139 36 selbst;
1851 1070 68 27 und
1945 1070 61 29 mit
2033 1070 96 29 deren
2156 1072 65 27 Auf­

858 1106 116 29 nahme
993 1106 66 28 und
1078 1106 228 40 Neubelebung
1325 1109 58 28 hat
1403 1118 33 19 er
1457 1109 66 30 sich
1543 1110 170 35 vielleicht,
1735 1111 57 28 wie
1813 1113 98 27 schon
1924 1112 157 40 Warburg
2100 1115 134 37 gesehen

857 1150 57 28 hat
921 1149 12 17 3
935 1149 21 38 ),
992 1150 57 28 das
1074 1150 112 38 größte
1213 1151 167 30 Verdienst
1406 1162 55 21 um
1486 1153 57 30 das
1568 1154 126 29 weitere
1719 1155 282 31 Lebensschicksal
2030 1158 55 28 des
2113 1167 121 29 ganzen

859 1193 128 39 Mythos
1015 1194 172 29 erworben.
1215 1195 94 29 Denn
1335 1196 79 28 eben
1442 1195 84 31 diese
1546 1197 194 39 Verfolgung
1765 1199 55 29 als
1840 1199 230 40 Verfolgung
2094 1202 56 28 hat
2171 1212 63 18 von

857 1246 66 19 nun
952 1245 41 20 an
1022 1237 51 28 die
1099 1237 132 30 Dichter
1255 1239 90 29 nicht
1370 1241 90 29 mehr
1483 1241 104 30 ruhen
1609 1242 121 34 lassen;
1753 1243 115 29 immer
1892 1244 65 28 und
1982 1245 114 29 immer
2121 1245 114 29 wieder

856 1281 115 29 hörten
993 1280 45 29 sie
1060 1281 85 29 seine
1161 1282 110 29 Verse:
1277 1282 14 18 4
1291 1284 11 37 )

1219 1354 59 34 De,
1295 1364 18 19 o
1327 1355 83 28 bella
1424 1354 162 36 fanciulla,
1602 1366 65 19 non
1681 1358 122 38 fuggire

1219 1397 90 30 Colui
1321 1399 59 29 che
1393 1398 103 32 t’ama
1509 1400 161 39 sopr’ogn’
1684 1402 84 28 altra
1781 1401 89 30 cosa!

1220 1442 36 28 Io
1269 1451 58 20 son
1341 1443 83 30 colui
1438 1444 57 30 che
1510 1454 57 28 per
1581 1447 33 26 te
1628 1455 79 28 gran
1722 1446 131 29 martire

1221 1486 97 30 Sento
1333 1487 33 29 di
1380 1498 16 18 e
1410 1490 91 28 notte
1516 1489 85 28 senz’
1617 1499 76 19 aver
1707 1490 65 28 ma’
1787 1499 88 29 posa.

1219 1529 27 29 I’
1261 1540 62 20 non
1339 1532 25 28 ti
1379 1541 96 30 seguo
1489 1542 56 29 per
1559 1533 79 29 farti
1653 1534 124 34 morire,

1217 1574 50 30 Ne
1280 1586 56 29 per
1350 1576 50 30 far
1413 1587 74 20 cosa
1501 1577 58 29 che
1573 1577 28 29 ti
1615 1577 48 30 sia
1675 1588 146 30 gravosa,

1218 1620 52 28 Ma
1284 1620 47 30 sol
1344 1622 99 28 Amor
1457 1622 46 29 mi
1516 1622 33 28 fa
1563 1625 33 26 te
1611 1622 169 39 seguitare,

1217 1664 71 28 Non
1304 1665 140 34 nimistä,
1461 1675 39 20 ne
1514 1667 65 27 mal
1594 1666 73 29 ch’i’
1682 1667 106 38 voglia
1802 1669 76 27 fare.

934 1740 70 30 Von
1023 1742 69 28 hier
1104 1743 77 38 geht
1195 1744 88 28 dann
1295 1745 69 28 eine
1379 1745 89 30 Linie
1482 1755 39 20 zu
1537 1746 172 30 Polizian
1721 1748 144 35 hinüber,
1881 1749 55 29 der
1950 1750 66 29 sich
2031 1750 44 28 im
2090 1749 140 35 ,,Orfeo“

856 1782 100 41 (1471)
979 1795 63 19 von
1063 1786 100 30 Ovids
1183 1788 300 39 Verfolgungsszene
1502 1789 187 40 inspirieren
1708 1792 80 33 läßt,
1810 1793 67 28 und
1895 1794 89 29 nicht
2004 1794 92 38 lange
2117 1794 114 29 darauf

852 1827 108 41 dringt
978 1830 81 28 auch
1074 1830 49 30 die
1138 1832 187 39 eigentliche
1339 1832 253 40 Daphne-Szene
1605 1834 56 30 auf
1674 1836 50 28 die
1740 1836 136 29 Bühne
1898 1847 58 19 vor
1962 1839 12 17 5
1976 1839 27 38 );
2023 1838 206 39 gleichzeitig,

854 1871 65 30 und
936 1872 101 39 gewiß
1054 1875 88 29 nicht
1161 1876 129 39 zufällig
1306 1876 205 40 gleichzeitig,
1531 1878 125 30 kommt
1674 1890 33 18 es
1724 1891 40 17 zu
1781 1881 85 28 einer
1883 1881 183 30 wirklichen
2085 1882 145 29 Verfol-

934 1969 23 32 1)
977 1972 157 28 Boccaccio,
1160 1974 67 22 Vita
1252 1974 28 23 di
1306 1976 92 22 Dante
1419 1974 83 24 XXV
1524 1975 139 31 (Scrittori
1683 1977 121 28 d'Italia,
1827 1979 51 22 Bd.
1892 1980 40 29 84,
1956 1980 66 23 Bari
2045 1980 74 28 1918,
2143 1980 83 30 44t.);

853 2007 40 22 De
915 2005 166 31 Genealogia
1101 2008 121 23 Deorum
1241 2010 60 23 Lib.
1313 2011 64 26 VII,
1397 2018 60 24 cap.
1471 2010 102 23 XXIX
1595 2010 92 32 (Ausg.
1700 2013 82 22 Basel
1803 2021 74 22 1532,
1900 2014 95 31 185t.).

931 2040 26 29 2)
976 2042 134 23 Berthold
1131 2044 97 27 Wiese,
1257 2046 57 22 Das
1336 2046 111 23 Ninfale
1473 2045 145 24 Fiesolano
1642 2047 31 23 G.
1691 2048 31 21 B.
1734 2055 13 15 s
1770 2048 66 31 (Slg.
1847 2049 187 24 romanischer
2057 2050 171 25 Elementar-

851 2085 25 14 u.
890 2076 208 32 Handbücher),
1116 2079 168 30 Heidelberg
1302 2088 74 23 1913.
1396 2079 138 29 Zumbini,
1552 2081 65 23 Una
1632 2081 87 24 storia
1734 2083 123 24 d’amore
1873 2093 15 14 e
1906 2086 96 26 morte,
2021 2085 101 24 Nuova
2139 2087 88 22 Anto-

849 2111 73 31 logia
935 2111 38 29 II,
996 2113 73 23 Serie
1080 2114 93 23 XLIV
1188 2115 87 30 (1884)
1291 2116 65 23 fase.
1370 2124 14 22 5
1399 2124 26 15 u.
1442 2114 193 30 Debenedetti,
1658 2118 127 23 Giornale
1804 2119 100 23 storico
1917 2120 72 23 della
2002 2120 73 24 Lett.
2089 2121 64 23 Ital.
2165 2122 60 27 LX,

851 2154 61 23 259:
933 2146 43 25 die
994 2149 166 30 Anlehnung
1177 2158 36 15 an
1230 2151 44 22 die
1291 2152 95 22 antike
1403 2150 143 25 Tradition
1564 2151 87 31 gewiß
1669 2161 33 14 zu
1718 2154 123 23 Unrecht
1858 2155 145 31 geleugnet
2020 2163 56 17 von
2092 2156 134 31 Maggini,

850 2184 61 22 ebd.
924 2182 75 28 LXI,
1012 2191 41 22 32.
1073 2184 25 23 S.
1111 2184 72 24 auch
1198 2186 110 23 Exkurs
1318 2187 23 23 I.

931 2217 24 31 3)
975 2220 32 22 A.
1024 2220 144 30 Warburg,
1198 2221 26 23 S.
1237 2221 154 24 Botticellis
1418 2222 127 28 „Geburt
1567 2223 50 23 der
1639 2224 110 24 Venus"
1773 2233 26 16 u.
1822 2225 182 32 „Frühling",
2027 2227 149 32 Hamburg
2198 2237 26 14 u.

849 2252 111 34 Leipzig
980 2255 74 29 1893,
1076 2255 25 23 S.
1115 2262 41 23 30.

929 2282 26 37 4)
974 2290 112 23 Ninfale
1106 2290 145 24 Fiesolano
1271 2299 26 16 v.
1313 2300 56 15 100.

928 2324 26 31 5)
972 2326 137 30 Warburg
1129 2334 24 15 a.
1170 2334 24 15 a.
1211 2327 31 23 O.
1268 2327 26 24 S.
1306 2335 34 21 29
1360 2337 26 14 u.
1404 2335 41 23 32.
1469 2330 32 23 In
1522 2329 89 24 dieser
1632 2337 56 17 von
1709 2332 32 22 A.
1753 2331 154 28 d’Ancona,
1930 2332 107 31 Origini
2057 2333 44 23 del
2122 2333 100 23 Teatro

849 2359 128 30 Italiano,
994 2368 23 15 2.
1030 2361 73 22 Aufl.
1120 2362 100 22 Torino
1237 2363 75 28 1891,
1329 2364 37 26 II,
1379 2364 86 30 35off.
1481 2365 72 23 nach
1568 2364 62 25 dem
1646 2365 65 24 Cod.
1728 2367 125 23 Mantov.
1870 2369 32 22 A.
1915 2368 48 27 IV,
1976 2376 33 22 30
2024 2368 199 32 geschilderten

848 2396 57 22 und
929 2395 212 25 versuchsweise
1159 2397 53 23 mit
1233 2398 48 23 der
1299 2399 104 27 „Festa
1421 2400 44 23 del
1484 2398 110 26 Lauro"
1614 2399 50 25 des
1683 2402 74 23 Gian
1775 2402 95 24 Pietro
1888 2403 73 24 della
1979 2404 81 23 Viola
2078 2410 56 16 von
2155 2404 67 29 i486

846 2429 217 26 identifizierten
1083 2432 292 31 „Rappresentazione
1403 2435 29 23 di
1454 2435 94 24 Phebo
1571 2435 30 21 et
1623 2434 29 25 di
1673 2437 157 24 Phetonte"
1862 2439 66 30 ging
1953 2439 45 24 die
2019 2438 203 31 Verwandlung

848 2465 133 33 Daphnes
1003 2467 55 22 auf
1081 2468 54 23 der
1156 2468 113 23 Bühne
1295 2477 50 15 vor
1365 2470 66 27 sich,
1459 2471 93 23 wurde
1571 2469 59 24 also
1651 2473 78 22 nicht
1753 2480 52 16 nur
1827 2475 113 26 erzählt,
1964 2475 50 22 wie
2036 2475 93 30 später
2150 2475 73 22 noch

848 2500 96 31 häufig
965 2502 30 30 (s.
1011 2504 87 22 unten
1114 2503 73 30 Kap.
1204 2503 35 30 8).
1265 2505 33 23 In
1315 2505 48 22 der
1384 2504 182 26 lateinischen
1590 2504 86 33 Lyrik
1698 2508 109 24 kommt
1830 2517 29 15 es
1884 2517 47 15 um
1957 2508 119 25 dieselbe
2099 2508 59 23 Zeit
2188 2517 33 15 zu

847 2536 430 34 VeiWandlungsdarstellungen,
1312 2541 44 22 die
1383 2548 56 16 von
1466 2542 105 23 nahezu
1605 2541 217 26 ovidianischem
1852 2545 97 23 Schliff
1971 2545 73 27 sind;
2082 2544 53 30 vgl.
2152 2553 22 14 z.
2188 2545 32 22 B.
