<?xml version="1.0" encoding="UTF-8" standalone="yes"?>
<alto xmlns="http://www.loc.gov/standards/alto/ns-v2#" xmlns:xlink="http://www.w3.org/1999/xlink" xmlns:xsi="http://www.w3.org/2001/XMLSchema-instance" xsi:schemaLocation="http://www.loc.gov/standards/alto/ns-v2# http://www.loc.gov/standards/alto/alto-v2.0.xsd">
<Description>
<MeasurementUnit>pixel</MeasurementUnit>
<OCRProcessing ID="IdOcr"><ocrProcessingStep><processingDateTime>2018-03-22</processingDateTime><processingSoftware><softwareCreator>ABBYY</softwareCreator><softwareName>ABBYY FineReader Engine</softwareName><softwareVersion>11</softwareVersion></processingSoftware></ocrProcessingStep></OCRProcessing>
</Description>
<Styles>
</Styles>
<Layout>
<Page ID="Page1" PHYSICAL_IMG_NR="1" HEIGHT="3159" WIDTH="2464">
<TopMargin HEIGHT="414" WIDTH="2464" VPOS="0" HPOS="0">
<ComposedBlock ID="Page1_Block1" HEIGHT="47" WIDTH="1380" VPOS="351" HPOS="191" TYPE="container"><Shape><Polygon POINTS="204,356 1583,356 1583,399 204,399 204,356"/></Shape>
<TextBlock ID="Page1_Block2" HEIGHT="46" WIDTH="676" VPOS="352" HPOS="191" language="de"><Shape><Polygon POINTS="204,357 880,357 880,399 204,399 204,357"/></Shape>
<TextLine HEIGHT="34" WIDTH="664" VPOS="358" HPOS="197"><String WC="0.926666677" CONTENT="Das" HEIGHT="22" WIDTH="57" VPOS="365" HPOS="197"/><SP WIDTH="15" VPOS="365" HPOS="255"/><String WC="0.6847058535" CONTENT="Farnesina-Fresko;" HEIGHT="28" WIDTH="278" VPOS="362" HPOS="271"/><SP WIDTH="18" VPOS="361" HPOS="550"/><String WC="0.7562500238" CONTENT="Agostino" HEIGHT="30" WIDTH="125" VPOS="360" HPOS="569"/><SP WIDTH="22" VPOS="360" HPOS="695"/><String WC="0.628888905" CONTENT="Veneziano" HEIGHT="25" WIDTH="143" VPOS="358" HPOS="718"/></TextLine>
</TextBlock>
<TextBlock ID="Page1_Block3" HEIGHT="42" WIDTH="52" VPOS="355" HPOS="1519" language="de">
<TextLine HEIGHT="29" WIDTH="40" VPOS="362" HPOS="1525"><String WC="0.3549999893" CONTENT="23" HEIGHT="29" WIDTH="40" VPOS="362" HPOS="1525"/></TextLine>
</TextBlock></ComposedBlock><GraphicalElement ID="Page1_Block4" HEIGHT="9" WIDTH="1366" VPOS="394" HPOS="198"/>
</TopMargin>
<LeftMargin HEIGHT="2173" WIDTH="188" VPOS="414" HPOS="0">
</LeftMargin>
<RightMargin HEIGHT="2173" WIDTH="859" VPOS="414" HPOS="1605">
</RightMargin>
<BottomMargin HEIGHT="572" WIDTH="2464" VPOS="2587" HPOS="0">
</BottomMargin>
<PrintSpace HEIGHT="2173" WIDTH="1417" VPOS="414" HPOS="188">
<TextBlock ID="Page1_Block5" HEIGHT="1552" WIDTH="1410" VPOS="414" HPOS="188" language="de"><Shape><Polygon POINTS="201,419 1604,419 1604,1965 201,1965 201,419"/></Shape>
<TextLine HEIGHT="51" WIDTH="1370" VPOS="418" HPOS="197"><String WC="1." CONTENT="I" HEIGHT="27" WIDTH="14" VPOS="427" HPOS="197"/><SP WIDTH="13" VPOS="427" HPOS="212"/><String WC="0.6299999952" CONTENT="B" HEIGHT="27" WIDTH="26" VPOS="427" HPOS="226"/><SP WIDTH="18" VPOS="427" HPOS="253"/><String WC="1." CONTENT="mit" HEIGHT="27" WIDTH="65" VPOS="427" HPOS="272"/><SP WIDTH="24" VPOS="425" HPOS="338"/><String WC="0.8000000119" CONTENT="dem" HEIGHT="28" WIDTH="83" VPOS="425" HPOS="363"/><SP WIDTH="15" VPOS="426" HPOS="447"/><String WC="0.8983333111" CONTENT="Vogel“" HEIGHT="38" WIDTH="134" VPOS="425" HPOS="463"/><SP WIDTH="17" VPOS="424" HPOS="598"/><String WC="0.8799999952" CONTENT="zum" HEIGHT="18" WIDTH="73" VPOS="433" HPOS="616"/><SP WIDTH="15" VPOS="424" HPOS="690"/><String WC="0.8257142901" CONTENT="Vorbild" HEIGHT="29" WIDTH="132" VPOS="422" HPOS="706"/><SP WIDTH="20" VPOS="421" HPOS="839"/><String WC="0.7785714269" CONTENT="gedient" HEIGHT="37" WIDTH="127" VPOS="421" HPOS="860"/><SP WIDTH="16" VPOS="420" HPOS="988"/><String WC="0.8000000119" CONTENT="hat" HEIGHT="29" WIDTH="56" VPOS="420" HPOS="1005"/><SP WIDTH="19" VPOS="422" HPOS="1062"/><String WC="0.9639999866" CONTENT="(Abb." HEIGHT="37" WIDTH="93" VPOS="421" HPOS="1082"/><SP WIDTH="14" VPOS="431" HPOS="1176"/><String WC="0.7300000191" CONTENT="22)" HEIGHT="38" WIDTH="49" VPOS="422" HPOS="1191"/><String STYLE="superscript" WC="0.9499999881" CONTENT="1" HEIGHT="16" WIDTH="11" VPOS="422" HPOS="1248"/><String WC="1." CONTENT=")," HEIGHT="37" WIDTH="20" VPOS="423" HPOS="1262"/><SP WIDTH="18" VPOS="433" HPOS="1283"/><String WC="0.8899999857" CONTENT="aber" HEIGHT="30" WIDTH="75" VPOS="422" HPOS="1302"/><SP WIDTH="15" VPOS="424" HPOS="1378"/><String WC="0.8933333158" CONTENT="dieser" HEIGHT="30" WIDTH="100" VPOS="424" HPOS="1394"/><SP WIDTH="14" VPOS="427" HPOS="1495"/><String WC="0.8033333421" CONTENT="hat" HEIGHT="26" WIDTH="57" VPOS="427" HPOS="1510"/></TextLine>
<TextLine HEIGHT="48" WIDTH="1374" VPOS="462" HPOS="194"><String WC="1." CONTENT="ihre" HEIGHT="27" WIDTH="68" VPOS="471" HPOS="194"/><SP WIDTH="23" VPOS="470" HPOS="263"/><String WC="1." CONTENT="Intensität" HEIGHT="30" WIDTH="173" VPOS="469" HPOS="287"/><SP WIDTH="22" VPOS="472" HPOS="461"/><String WC="0.9789999723" CONTENT="merkwürdig" HEIGHT="38" WIDTH="211" VPOS="467" HPOS="484"/><SP WIDTH="19" VPOS="476" HPOS="696"/><String WC="0.9590908885" CONTENT="gesteigert," HEIGHT="39" WIDTH="178" VPOS="464" HPOS="716"/><SP WIDTH="23" VPOS="464" HPOS="895"/><String WC="0.6999999881" CONTENT="ja" HEIGHT="36" WIDTH="33" VPOS="464" HPOS="919"/><SP WIDTH="21" VPOS="473" HPOS="953"/><String WC="1." CONTENT="sie" HEIGHT="29" WIDTH="43" VPOS="464" HPOS="975"/><SP WIDTH="22" VPOS="465" HPOS="1019"/><String WC="0.6933333278" CONTENT="ins" HEIGHT="28" WIDTH="48" VPOS="465" HPOS="1042"/><SP WIDTH="23" VPOS="465" HPOS="1091"/><String WC="0.9559999704" CONTENT="Dämonische" HEIGHT="30" WIDTH="210" VPOS="465" HPOS="1115"/><SP WIDTH="21" VPOS="476" HPOS="1326"/><String WC="0.9900000095" CONTENT="erhoben." HEIGHT="32" WIDTH="147" VPOS="467" HPOS="1348"/><SP WIDTH="24" VPOS="470" HPOS="1496"/><String WC="1." CONTENT="Ist" HEIGHT="28" WIDTH="47" VPOS="470" HPOS="1521"/></TextLine>
<TextLine HEIGHT="42" WIDTH="1374" VPOS="505" HPOS="195"><String WC="1." CONTENT="in" HEIGHT="28" WIDTH="32" VPOS="514" HPOS="195"/><SP WIDTH="18" VPOS="514" HPOS="228"/><String WC="1." CONTENT="den" HEIGHT="28" WIDTH="61" VPOS="514" HPOS="247"/><SP WIDTH="17" VPOS="514" HPOS="309"/><String WC="0.9150000215" CONTENT="Formen" HEIGHT="29" WIDTH="136" VPOS="513" HPOS="327"/><SP WIDTH="17" VPOS="513" HPOS="464"/><String WC="1." CONTENT="des" HEIGHT="29" WIDTH="54" VPOS="512" HPOS="482"/><SP WIDTH="16" VPOS="512" HPOS="537"/><String WC="0.9281250238" CONTENT="Farnesinafreskos" HEIGHT="31" WIDTH="292" VPOS="509" HPOS="554"/><SP WIDTH="16" VPOS="508" HPOS="847"/><String WC="1." CONTENT="das" HEIGHT="27" WIDTH="57" VPOS="508" HPOS="864"/><SP WIDTH="16" VPOS="508" HPOS="922"/><String WC="0.8977777958" CONTENT="innerlich" HEIGHT="29" WIDTH="151" VPOS="507" HPOS="939"/><SP WIDTH="17" VPOS="508" HPOS="1091"/><String WC="0.9066666961" CONTENT="und" HEIGHT="26" WIDTH="67" VPOS="509" HPOS="1109"/><SP WIDTH="16" VPOS="509" HPOS="1177"/><String WC="0.9988889098" CONTENT="äußerlich" HEIGHT="31" WIDTH="159" VPOS="508" HPOS="1194"/><SP WIDTH="18" VPOS="510" HPOS="1354"/><String WC="0.9563636184" CONTENT="Rafaelische" HEIGHT="31" WIDTH="196" VPOS="511" HPOS="1373"/></TextLine>
<TextLine HEIGHT="50" WIDTH="1375" VPOS="548" HPOS="196"><String WC="0.9962499738" CONTENT="nirgends" HEIGHT="37" WIDTH="150" VPOS="558" HPOS="196"/><SP WIDTH="11" VPOS="567" HPOS="346"/><String WC="1." CONTENT="ganz" HEIGHT="28" WIDTH="81" VPOS="566" HPOS="357"/><SP WIDTH="12" VPOS="567" HPOS="438"/><String WC="0.9466666579" CONTENT="verlassen" HEIGHT="30" WIDTH="158" VPOS="555" HPOS="450"/><SP WIDTH="11" VPOS="564" HPOS="608"/><String WC="1." CONTENT="—" HEIGHT="3" WIDTH="41" VPOS="570" HPOS="619"/><SP WIDTH="11" VPOS="553" HPOS="661"/><String WC="1." CONTENT="das" HEIGHT="28" WIDTH="57" VPOS="553" HPOS="672"/><SP WIDTH="12" VPOS="563" HPOS="729"/><String WC="0.8525000215" CONTENT="auch" HEIGHT="28" WIDTH="82" VPOS="553" HPOS="741"/><SP WIDTH="12" VPOS="552" HPOS="823"/><String WC="0.9399999976" CONTENT="die" HEIGHT="29" WIDTH="49" VPOS="551" HPOS="836"/><SP WIDTH="14" VPOS="550" HPOS="886"/><String WC="0.9211111069" CONTENT="Grundlage" HEIGHT="38" WIDTH="182" VPOS="550" HPOS="901"/><SP WIDTH="11" VPOS="552" HPOS="1083"/><String WC="1." CONTENT="der" HEIGHT="28" WIDTH="56" VPOS="551" HPOS="1095"/><SP WIDTH="11" VPOS="560" HPOS="1152"/><String WC="1." CONTENT="nachher" HEIGHT="29" WIDTH="140" VPOS="552" HPOS="1163"/><SP WIDTH="11" VPOS="562" HPOS="1303"/><String WC="1." CONTENT="zu" HEIGHT="20" WIDTH="40" VPOS="562" HPOS="1314"/><SP WIDTH="11" VPOS="554" HPOS="1354"/><String WC="0.8809999824" CONTENT="besprechen" HEIGHT="39" WIDTH="192" VPOS="554" HPOS="1365" SUBS_TYPE="HypPart1" SUBS_CONTENT="besprechenden"/><HYP CONTENT="­"/></TextLine>
<TextLine HEIGHT="49" WIDTH="1374" VPOS="592" HPOS="197"><String WC="1." CONTENT="den" HEIGHT="27" WIDTH="61" VPOS="603" HPOS="197" SUBS_TYPE="HypPart2" SUBS_CONTENT="besprechenden"/><SP WIDTH="13" VPOS="603" HPOS="259"/><String WC="0.9391666651" CONTENT="Nebenfiguren" HEIGHT="37" WIDTH="235" VPOS="601" HPOS="273"/><SP WIDTH="10" VPOS="600" HPOS="509"/><String WC="1." CONTENT="bleibt" HEIGHT="30" WIDTH="99" VPOS="598" HPOS="520"/><SP WIDTH="11" VPOS="600" HPOS="620"/><String WC="1." CONTENT="—" HEIGHT="3" WIDTH="41" VPOS="614" HPOS="632"/><SP WIDTH="9" VPOS="607" HPOS="674"/><String WC="0.9599999785" CONTENT="so" HEIGHT="19" WIDTH="34" VPOS="606" HPOS="684"/><SP WIDTH="10" VPOS="597" HPOS="719"/><String WC="0.9100000262" CONTENT="ist" HEIGHT="28" WIDTH="42" VPOS="597" HPOS="730"/><SP WIDTH="11" VPOS="597" HPOS="773"/><String WC="0.7200000286" CONTENT="hier" HEIGHT="28" WIDTH="67" VPOS="596" HPOS="785"/><SP WIDTH="11" VPOS="595" HPOS="853"/><String WC="1." CONTENT="im" HEIGHT="27" WIDTH="44" VPOS="595" HPOS="865"/><SP WIDTH="12" VPOS="595" HPOS="910"/><String WC="0.9572727084" CONTENT="Holzschnitt" HEIGHT="30" WIDTH="203" VPOS="593" HPOS="923"/><SP WIDTH="11" VPOS="595" HPOS="1127"/><String WC="0.8933333158" CONTENT="die" HEIGHT="27" WIDTH="50" VPOS="595" HPOS="1139"/><SP WIDTH="12" VPOS="596" HPOS="1190"/><String WC="1." CONTENT="dämonische" HEIGHT="33" WIDTH="202" VPOS="594" HPOS="1203"/><SP WIDTH="12" VPOS="599" HPOS="1406"/><String WC="1." CONTENT="Antiken" HEIGHT="29" WIDTH="138" VPOS="599" HPOS="1419" SUBS_TYPE="HypPart1" SUBS_CONTENT="Antikenauffassung"/><HYP CONTENT="­"/></TextLine>
<TextLine HEIGHT="49" WIDTH="1373" VPOS="636" HPOS="198"><String WC="0.9190000296" CONTENT="auffassung" HEIGHT="37" WIDTH="187" VPOS="645" HPOS="198" SUBS_TYPE="HypPart2" SUBS_CONTENT="Antikenauffassung"/><SP WIDTH="17" VPOS="645" HPOS="386"/><String WC="1." CONTENT="des" HEIGHT="27" WIDTH="54" VPOS="645" HPOS="404"/><SP WIDTH="22" VPOS="643" HPOS="459"/><String WC="0.7541666627" CONTENT="Quattrocento" HEIGHT="40" WIDTH="230" VPOS="641" HPOS="482"/><SP WIDTH="18" VPOS="650" HPOS="713"/><String WC="1." CONTENT="noch" HEIGHT="27" WIDTH="81" VPOS="641" HPOS="732"/><SP WIDTH="17" VPOS="640" HPOS="814"/><String WC="0.8050000072" CONTENT="einmal" HEIGHT="30" WIDTH="118" VPOS="638" HPOS="832"/><SP WIDTH="16" VPOS="638" HPOS="951"/><String WC="1." CONTENT="in" HEIGHT="28" WIDTH="33" VPOS="638" HPOS="968"/><SP WIDTH="18" VPOS="648" HPOS="1002"/><String WC="0.896666646" CONTENT="voller" HEIGHT="28" WIDTH="98" VPOS="638" HPOS="1021"/><SP WIDTH="20" VPOS="639" HPOS="1120"/><String WC="1." CONTENT="Kraft" HEIGHT="28" WIDTH="95" VPOS="639" HPOS="1141"/><SP WIDTH="18" VPOS="639" HPOS="1237"/><String WC="0.9599999785" CONTENT="lebendig." HEIGHT="41" WIDTH="154" VPOS="638" HPOS="1256"/><SP WIDTH="21" VPOS="642" HPOS="1411"/><String WC="1." CONTENT="Ist" HEIGHT="29" WIDTH="46" VPOS="642" HPOS="1433"/><SP WIDTH="18" VPOS="644" HPOS="1480"/><String WC="1." CONTENT="dort" HEIGHT="28" WIDTH="72" VPOS="644" HPOS="1499"/></TextLine>
<TextLine HEIGHT="47" WIDTH="1374" VPOS="680" HPOS="198"><String WC="0.8733333349" CONTENT="die" HEIGHT="28" WIDTH="50" VPOS="690" HPOS="198"/><SP WIDTH="24" VPOS="690" HPOS="249"/><String WC="0.9906666875" CONTENT="Renaissanceform" HEIGHT="30" WIDTH="292" VPOS="688" HPOS="274"/><SP WIDTH="21" VPOS="695" HPOS="567"/><String WC="0.6933333278" CONTENT="auf" HEIGHT="29" WIDTH="56" VPOS="685" HPOS="589"/><SP WIDTH="20" VPOS="685" HPOS="646"/><String WC="0.7400000095" CONTENT="dem" HEIGHT="27" WIDTH="73" VPOS="685" HPOS="667"/><SP WIDTH="19" VPOS="684" HPOS="741"/><String WC="1." CONTENT="Wege" HEIGHT="39" WIDTH="95" VPOS="682" HPOS="761"/><SP WIDTH="22" VPOS="692" HPOS="857"/><String WC="0.9487500191" CONTENT="vorwärts" HEIGHT="28" WIDTH="154" VPOS="683" HPOS="880"/><SP WIDTH="21" VPOS="692" HPOS="1035"/><String WC="0.9766666889" CONTENT="zum" HEIGHT="19" WIDTH="75" VPOS="691" HPOS="1057"/><SP WIDTH="21" VPOS="682" HPOS="1133"/><String WC="0.8458333611" CONTENT="Manierismus," HEIGHT="37" WIDTH="229" VPOS="681" HPOS="1155"/><SP WIDTH="21" VPOS="694" HPOS="1385"/><String WC="0.8299999833" CONTENT="so" HEIGHT="19" WIDTH="35" VPOS="694" HPOS="1407"/><SP WIDTH="20" VPOS="686" HPOS="1443"/><String WC="1." CONTENT="ist" HEIGHT="28" WIDTH="41" VPOS="687" HPOS="1464"/><SP WIDTH="22" VPOS="690" HPOS="1506"/><String WC="1." CONTENT="sie" HEIGHT="28" WIDTH="43" VPOS="688" HPOS="1529"/></TextLine>
<TextLine HEIGHT="49" WIDTH="1377" VPOS="723" HPOS="197"><String WC="0.7699999809" CONTENT="hier" HEIGHT="28" WIDTH="68" VPOS="734" HPOS="197"/><SP WIDTH="21" VPOS="743" HPOS="266"/><String WC="0.9766666889" CONTENT="auf" HEIGHT="27" WIDTH="55" VPOS="734" HPOS="288"/><SP WIDTH="19" VPOS="732" HPOS="344"/><String WC="0.7333333492" CONTENT="dem" HEIGHT="27" WIDTH="73" VPOS="732" HPOS="364"/><SP WIDTH="21" VPOS="731" HPOS="438"/><String WC="1." CONTENT="Rückwege" HEIGHT="39" WIDTH="175" VPOS="729" HPOS="460"/><SP WIDTH="21" VPOS="738" HPOS="636"/><String WC="0.7133333087" CONTENT="zur" HEIGHT="18" WIDTH="56" VPOS="738" HPOS="658"/><SP WIDTH="23" VPOS="728" HPOS="715"/><String WC="0.9449999928" CONTENT="Gotik." HEIGHT="28" WIDTH="106" VPOS="728" HPOS="739"/><SP WIDTH="23" VPOS="726" HPOS="846"/><String WC="1." CONTENT="Die" HEIGHT="28" WIDTH="59" VPOS="726" HPOS="870"/><SP WIDTH="22" VPOS="725" HPOS="930"/><String WC="0.9940000176" CONTENT="Köpfe" HEIGHT="38" WIDTH="105" VPOS="725" HPOS="953"/><SP WIDTH="21" VPOS="736" HPOS="1059"/><String WC="0.7850000262" CONTENT="sind" HEIGHT="29" WIDTH="71" VPOS="725" HPOS="1081"/><SP WIDTH="21" VPOS="725" HPOS="1153"/><String WC="1." CONTENT="von" HEIGHT="18" WIDTH="63" VPOS="735" HPOS="1175"/><SP WIDTH="21" VPOS="726" HPOS="1239"/><String WC="0.8758333325" CONTENT="Leidenschaft" HEIGHT="35" WIDTH="221" VPOS="724" HPOS="1261"/><SP WIDTH="21" VPOS="732" HPOS="1483"/><String WC="0.9700000286" CONTENT="ver" HEIGHT="19" WIDTH="54" VPOS="740" HPOS="1505" SUBS_TYPE="HypPart1" SUBS_CONTENT="verzerrt;"/><HYP CONTENT="­"/></TextLine>
<TextLine HEIGHT="50" WIDTH="1376" VPOS="767" HPOS="198"><String WC="0.9649999738" CONTENT="zerrt;" HEIGHT="31" WIDTH="97" VPOS="779" HPOS="198" SUBS_TYPE="HypPart2" SUBS_CONTENT="verzerrt;"/><SP WIDTH="21" VPOS="786" HPOS="296"/><String WC="0.9388889074" CONTENT="gegenüber" HEIGHT="40" WIDTH="176" VPOS="774" HPOS="318"/><SP WIDTH="21" VPOS="775" HPOS="495"/><String WC="1." CONTENT="dem" HEIGHT="27" WIDTH="74" VPOS="775" HPOS="517"/><SP WIDTH="20" VPOS="782" HPOS="592"/><String WC="1." CONTENT="vor" HEIGHT="19" WIDTH="57" VPOS="782" HPOS="613"/><SP WIDTH="21" VPOS="773" HPOS="671"/><String WC="1." CONTENT="Angst" HEIGHT="36" WIDTH="101" VPOS="773" HPOS="693"/><SP WIDTH="21" VPOS="772" HPOS="795"/><String WC="1." CONTENT="fast" HEIGHT="28" WIDTH="64" VPOS="771" HPOS="817"/><SP WIDTH="21" VPOS="770" HPOS="882"/><String WC="0.9390909076" CONTENT="bewußtlosen" HEIGHT="30" WIDTH="219" VPOS="768" HPOS="904"/><SP WIDTH="22" VPOS="769" HPOS="1124"/><String WC="0.8853333592" CONTENT="Vorwärtsstürmen" HEIGHT="33" WIDTH="305" VPOS="768" HPOS="1147"/><SP WIDTH="21" VPOS="773" HPOS="1453"/><String WC="1." CONTENT="dieser" HEIGHT="29" WIDTH="99" VPOS="773" HPOS="1475"/></TextLine>
<TextLine HEIGHT="48" WIDTH="1377" VPOS="811" HPOS="198"><String WC="0.9350000024" CONTENT="Daphne" HEIGHT="36" WIDTH="137" VPOS="821" HPOS="198"/><SP WIDTH="14" VPOS="830" HPOS="335"/><String WC="0.9200000167" CONTENT="erscheint" HEIGHT="30" WIDTH="157" VPOS="818" HPOS="349"/><SP WIDTH="16" VPOS="818" HPOS="506"/><String WC="1." CONTENT="die" HEIGHT="28" WIDTH="51" VPOS="818" HPOS="522"/><SP WIDTH="15" VPOS="828" HPOS="573"/><String WC="1." CONTENT="sich" HEIGHT="30" WIDTH="67" VPOS="816" HPOS="588"/><SP WIDTH="16" VPOS="817" HPOS="655"/><String WC="0.8899999857" CONTENT="zag" HEIGHT="28" WIDTH="58" VPOS="825" HPOS="671"/><SP WIDTH="15" VPOS="825" HPOS="729"/><String WC="0.9372727275" CONTENT="umschauende" HEIGHT="30" WIDTH="237" VPOS="814" HPOS="744"/><SP WIDTH="16" VPOS="813" HPOS="981"/><String WC="1." CONTENT="des" HEIGHT="29" WIDTH="55" VPOS="813" HPOS="997"/><SP WIDTH="16" VPOS="814" HPOS="1052"/><String WC="0.9775000215" CONTENT="Farnesinafreskos" HEIGHT="32" WIDTH="295" VPOS="812" HPOS="1068"/><SP WIDTH="15" VPOS="824" HPOS="1363"/><String WC="0.9499999881" CONTENT="zimperlich;" HEIGHT="38" WIDTH="197" VPOS="815" HPOS="1378"/></TextLine>
<TextLine HEIGHT="44" WIDTH="1057" VPOS="857" HPOS="198"><String WC="1." CONTENT="hier" HEIGHT="27" WIDTH="68" VPOS="865" HPOS="198"/><SP WIDTH="18" VPOS="873" HPOS="267"/><String WC="0.9075000286" CONTENT="wird" HEIGHT="29" WIDTH="78" VPOS="862" HPOS="286"/><SP WIDTH="20" VPOS="862" HPOS="365"/><String WC="0.9047368169" CONTENT="Holzschnitt-Volgare" HEIGHT="40" WIDTH="350" VPOS="860" HPOS="386"/><SP WIDTH="19" VPOS="869" HPOS="737"/><String WC="1." CONTENT="statt" HEIGHT="26" WIDTH="81" VPOS="862" HPOS="757"/><SP WIDTH="21" VPOS="859" HPOS="839"/><String WC="0.9484615326" CONTENT="Palast-Latein" HEIGHT="28" WIDTH="237" VPOS="858" HPOS="861"/><SP WIDTH="19" VPOS="866" HPOS="1099"/><String WC="1." CONTENT="geredet." HEIGHT="37" WIDTH="136" VPOS="857" HPOS="1119"/></TextLine>
<TextLine HEIGHT="47" WIDTH="1298" VPOS="899" HPOS="278"><String WC="0.8849999905" CONTENT="Eine" HEIGHT="28" WIDTH="79" VPOS="907" HPOS="278"/><SP WIDTH="12" VPOS="915" HPOS="358"/><String WC="0.9900000095" CONTENT="sehr" HEIGHT="28" WIDTH="72" VPOS="906" HPOS="371"/><SP WIDTH="11" VPOS="915" HPOS="444"/><String WC="0.9445454478" CONTENT="eigenartige" HEIGHT="39" WIDTH="191" VPOS="904" HPOS="456"/><SP WIDTH="13" VPOS="914" HPOS="648"/><String WC="0.9536363482" CONTENT="abweichende" HEIGHT="31" WIDTH="221" VPOS="902" HPOS="662"/><SP WIDTH="14" VPOS="902" HPOS="884"/><String WC="0.8828571439" CONTENT="Lösung," HEIGHT="36" WIDTH="136" VPOS="902" HPOS="899"/><SP WIDTH="19" VPOS="902" HPOS="1036"/><String WC="1." CONTENT="die" HEIGHT="29" WIDTH="49" VPOS="900" HPOS="1056"/><SP WIDTH="18" VPOS="910" HPOS="1106"/><String WC="0.8579999804" CONTENT="nicht" HEIGHT="28" WIDTH="88" VPOS="901" HPOS="1125"/><SP WIDTH="18" VPOS="903" HPOS="1214"/><String WC="0.9210000038" CONTENT="übergangen" HEIGHT="40" WIDTH="200" VPOS="900" HPOS="1233"/><SP WIDTH="17" VPOS="912" HPOS="1434"/><String WC="1." CONTENT="werden" HEIGHT="28" WIDTH="124" VPOS="904" HPOS="1452"/></TextLine>
<TextLine HEIGHT="48" WIDTH="1379" VPOS="943" HPOS="198"><String WC="0.9380000234" CONTENT="darf," HEIGHT="34" WIDTH="80" VPOS="952" HPOS="198"/><SP WIDTH="19" VPOS="961" HPOS="279"/><String WC="0.9350000024" CONTENT="entstand" HEIGHT="29" WIDTH="153" VPOS="950" HPOS="299"/><SP WIDTH="17" VPOS="950" HPOS="453"/><String WC="0.6399999857" CONTENT="nur" HEIGHT="19" WIDTH="61" VPOS="959" HPOS="471"/><SP WIDTH="18" VPOS="960" HPOS="533"/><String WC="1." CONTENT="wenige" HEIGHT="39" WIDTH="118" VPOS="949" HPOS="552"/><SP WIDTH="22" VPOS="949" HPOS="671"/><String WC="0.8659999967" CONTENT="Jahre" HEIGHT="37" WIDTH="97" VPOS="948" HPOS="694"/><SP WIDTH="19" VPOS="957" HPOS="792"/><String WC="1." CONTENT="später" HEIGHT="37" WIDTH="107" VPOS="948" HPOS="812"/><SP WIDTH="18" VPOS="955" HPOS="920"/><String WC="1." CONTENT="als" HEIGHT="29" WIDTH="46" VPOS="945" HPOS="939"/><SP WIDTH="19" VPOS="946" HPOS="986"/><String WC="1." CONTENT="das" HEIGHT="27" WIDTH="57" VPOS="946" HPOS="1006"/><SP WIDTH="19" VPOS="946" HPOS="1064"/><String WC="0.9250000119" CONTENT="Farnesinafresko:" HEIGHT="31" WIDTH="291" VPOS="944" HPOS="1084"/><SP WIDTH="21" VPOS="947" HPOS="1376"/><String WC="0.9433333278" CONTENT="der" HEIGHT="29" WIDTH="55" VPOS="947" HPOS="1398"/><SP WIDTH="18" VPOS="957" HPOS="1454"/><String WC="1." CONTENT="zuerst" HEIGHT="25" WIDTH="104" VPOS="951" HPOS="1473"/></TextLine>
<TextLine HEIGHT="46" WIDTH="1380" VPOS="988" HPOS="199"><String WC="0.6175000072" CONTENT="1515" HEIGHT="30" WIDTH="77" VPOS="1002" HPOS="199"/><SP WIDTH="18" VPOS="1003" HPOS="277"/><String WC="0.9445454478" CONTENT="erschienene" HEIGHT="30" WIDTH="200" VPOS="994" HPOS="296"/><SP WIDTH="20" VPOS="994" HPOS="497"/><String WC="0.9190909266" CONTENT="Kupferstich" HEIGHT="39" WIDTH="207" VPOS="992" HPOS="518"/><SP WIDTH="18" VPOS="992" HPOS="726"/><String WC="1." CONTENT="des" HEIGHT="28" WIDTH="55" VPOS="992" HPOS="745"/><SP WIDTH="17" VPOS="993" HPOS="801"/><String WC="0.9287499785" CONTENT="Agostino" HEIGHT="39" WIDTH="184" VPOS="990" HPOS="819"/><SP WIDTH="18" VPOS="990" HPOS="1004"/><String WC="1." CONTENT="Veneziano," HEIGHT="35" WIDTH="227" VPOS="989" HPOS="1023"/><SP WIDTH="20" VPOS="990" HPOS="1251"/><String WC="0.9750000238" CONTENT="über" HEIGHT="29" WIDTH="78" VPOS="989" HPOS="1272"/><SP WIDTH="18" VPOS="989" HPOS="1351"/><String WC="0.9116666913" CONTENT="dessen" HEIGHT="31" WIDTH="111" VPOS="989" HPOS="1370"/><SP WIDTH="18" VPOS="992" HPOS="1482"/><String WC="0.9766666889" CONTENT="Vor" HEIGHT="28" WIDTH="63" VPOS="992" HPOS="1501" SUBS_TYPE="HypPart1" SUBS_CONTENT="Vorlage"/><HYP CONTENT="­"/></TextLine>
<TextLine HEIGHT="47" WIDTH="1382" VPOS="1031" HPOS="197"><String WC="0.9250000119" CONTENT="lage" HEIGHT="38" WIDTH="69" VPOS="1039" HPOS="197" SUBS_TYPE="HypPart2" SUBS_CONTENT="Vorlage"/><SP WIDTH="20" VPOS="1049" HPOS="267"/><String WC="0.8616666794" CONTENT="nichts" HEIGHT="30" WIDTH="105" VPOS="1038" HPOS="288"/><SP WIDTH="16" VPOS="1038" HPOS="394"/><String WC="0.9362499714" CONTENT="Sicheres" HEIGHT="29" WIDTH="140" VPOS="1038" HPOS="411"/><SP WIDTH="19" VPOS="1039" HPOS="552"/><String WC="0.9185714126" CONTENT="bekannt" HEIGHT="29" WIDTH="143" VPOS="1038" HPOS="572"/><SP WIDTH="26" VPOS="1036" HPOS="716"/><String WC="1." CONTENT="ist," HEIGHT="34" WIDTH="52" VPOS="1036" HPOS="743"/><SP WIDTH="21" VPOS="1036" HPOS="796"/><String WC="0.8033333421" CONTENT="der" HEIGHT="30" WIDTH="56" VPOS="1035" HPOS="818"/><SP WIDTH="25" VPOS="1044" HPOS="875"/><String WC="0.9049999714" CONTENT="aber" HEIGHT="28" WIDTH="76" VPOS="1034" HPOS="901"/><SP WIDTH="19" VPOS="1043" HPOS="978"/><String WC="0.9570000172" CONTENT="schwerlich" HEIGHT="30" WIDTH="183" VPOS="1032" HPOS="998"/><SP WIDTH="27" VPOS="1033" HPOS="1182"/><String WC="1." CONTENT="auf" HEIGHT="28" WIDTH="56" VPOS="1033" HPOS="1210"/><SP WIDTH="24" VPOS="1033" HPOS="1267"/><String WC="1." CONTENT="einer" HEIGHT="31" WIDTH="85" VPOS="1032" HPOS="1292"/><SP WIDTH="21" VPOS="1034" HPOS="1378"/><String WC="0.8600000143" CONTENT="Erfindung" HEIGHT="38" WIDTH="179" VPOS="1035" HPOS="1400"/></TextLine>
<TextLine HEIGHT="46" WIDTH="1382" VPOS="1076" HPOS="198"><String WC="1." CONTENT="des" HEIGHT="29" WIDTH="56" VPOS="1083" HPOS="198"/><SP WIDTH="18" VPOS="1083" HPOS="254"/><String WC="0.9499999881" CONTENT="Stechers" HEIGHT="30" WIDTH="146" VPOS="1082" HPOS="272"/><SP WIDTH="13" VPOS="1092" HPOS="419"/><String WC="0.8899999857" CONTENT="selbst" HEIGHT="29" WIDTH="99" VPOS="1082" HPOS="432"/><SP WIDTH="14" VPOS="1083" HPOS="532"/><String WC="0.8166666627" CONTENT="beruht" HEIGHT="29" WIDTH="116" VPOS="1082" HPOS="547"/><SP WIDTH="16" VPOS="1082" HPOS="664"/><String WC="0.628000021" CONTENT="(Abb." HEIGHT="38" WIDTH="94" VPOS="1081" HPOS="680"/><SP WIDTH="13" VPOS="1089" HPOS="775"/><String WC="0.8450000286" CONTENT="23)." HEIGHT="38" WIDTH="61" VPOS="1080" HPOS="788"/><String STYLE="superscript" WC="0.2599999905" CONTENT="2" HEIGHT="17" WIDTH="13" VPOS="1079" HPOS="857"/><String WC="1." CONTENT=")" HEIGHT="36" WIDTH="9" VPOS="1080" HPOS="872"/><SP WIDTH="26" VPOS="1079" HPOS="881"/><String WC="0.6666666865" CONTENT="Die" HEIGHT="28" WIDTH="60" VPOS="1078" HPOS="907"/><SP WIDTH="15" VPOS="1078" HPOS="967"/><String WC="0.9800000191" CONTENT="Darstellung" HEIGHT="38" WIDTH="208" VPOS="1077" HPOS="982"/><SP WIDTH="12" VPOS="1080" HPOS="1191"/><String WC="0.7940000296" CONTENT="trägt" HEIGHT="36" WIDTH="87" VPOS="1079" HPOS="1203"/><SP WIDTH="14" VPOS="1080" HPOS="1291"/><String WC="1." CONTENT="gegenüber" HEIGHT="40" WIDTH="178" VPOS="1077" HPOS="1305"/><SP WIDTH="13" VPOS="1088" HPOS="1484"/><String WC="1." CONTENT="allen" HEIGHT="27" WIDTH="82" VPOS="1080" HPOS="1498"/></TextLine>
<TextLine HEIGHT="46" WIDTH="1383" VPOS="1120" HPOS="198"><String WC="0.8899999857" CONTENT="bisherigen" HEIGHT="40" WIDTH="180" VPOS="1126" HPOS="198"/><SP WIDTH="20" VPOS="1127" HPOS="379"/><String WC="0.9433333278" CONTENT="Lösungen," HEIGHT="37" WIDTH="179" VPOS="1127" HPOS="400"/><SP WIDTH="20" VPOS="1137" HPOS="580"/><String WC="0.9116666913" CONTENT="selbst" HEIGHT="30" WIDTH="98" VPOS="1126" HPOS="601"/><SP WIDTH="20" VPOS="1126" HPOS="700"/><String WC="1." CONTENT="der" HEIGHT="29" WIDTH="55" VPOS="1125" HPOS="721"/><SP WIDTH="21" VPOS="1125" HPOS="777"/><String WC="0.8625000119" CONTENT="Pollaiuolos," HEIGHT="35" WIDTH="199" VPOS="1122" HPOS="799"/><SP WIDTH="21" VPOS="1122" HPOS="999"/><String WC="0.9837499857" CONTENT="dermaßen" HEIGHT="30" WIDTH="174" VPOS="1121" HPOS="1021"/><SP WIDTH="20" VPOS="1122" HPOS="1196"/><String WC="1." CONTENT="den" HEIGHT="28" WIDTH="61" VPOS="1122" HPOS="1217"/><SP WIDTH="20" VPOS="1122" HPOS="1279"/><String WC="0.9377777576" CONTENT="Charakter" HEIGHT="31" WIDTH="175" VPOS="1121" HPOS="1300"/><SP WIDTH="19" VPOS="1132" HPOS="1476"/><String WC="0.9860000014" CONTENT="einer" HEIGHT="28" WIDTH="85" VPOS="1123" HPOS="1496"/></TextLine>
<TextLine HEIGHT="47" WIDTH="1382" VPOS="1164" HPOS="199"><String WC="0.8833333254" CONTENT="bewußt" HEIGHT="30" WIDTH="130" VPOS="1171" HPOS="199"/><SP WIDTH="27" VPOS="1174" HPOS="330"/><String WC="0.94599998" CONTENT="„komponierten“," HEIGHT="38" WIDTH="294" VPOS="1170" HPOS="358"/><SP WIDTH="26" VPOS="1180" HPOS="653"/><String WC="0.9388889074" CONTENT="plastisch" HEIGHT="39" WIDTH="151" VPOS="1169" HPOS="680"/><SP WIDTH="20" VPOS="1169" HPOS="832"/><String WC="0.9436363578" CONTENT="abgewogenen" HEIGHT="38" WIDTH="229" VPOS="1167" HPOS="853"/><SP WIDTH="21" VPOS="1166" HPOS="1083"/><String WC="0.8671428561" CONTENT="Gruppe," HEIGHT="39" WIDTH="140" VPOS="1165" HPOS="1105"/><SP WIDTH="21" VPOS="1166" HPOS="1246"/><String WC="0.8633333445" CONTENT="daß" HEIGHT="29" WIDTH="63" VPOS="1166" HPOS="1268"/><SP WIDTH="19" VPOS="1167" HPOS="1332"/><String WC="1." CONTENT="der" HEIGHT="29" WIDTH="55" VPOS="1166" HPOS="1352"/><SP WIDTH="22" VPOS="1166" HPOS="1408"/><String WC="0.9442856908" CONTENT="Gedanke" HEIGHT="28" WIDTH="150" VPOS="1167" HPOS="1431"/></TextLine>
<TextLine HEIGHT="47" WIDTH="1381" VPOS="1208" HPOS="201"><String WC="1." CONTENT="an" HEIGHT="19" WIDTH="41" VPOS="1226" HPOS="201"/><SP WIDTH="22" VPOS="1227" HPOS="243"/><String WC="1." CONTENT="ein" HEIGHT="29" WIDTH="51" VPOS="1216" HPOS="266"/><SP WIDTH="17" VPOS="1217" HPOS="318"/><String WC="0.8971428275" CONTENT="Vorbild" HEIGHT="31" WIDTH="132" VPOS="1215" HPOS="336"/><SP WIDTH="15" VPOS="1215" HPOS="469"/><String WC="0.9133333564" CONTENT="der" HEIGHT="29" WIDTH="55" VPOS="1215" HPOS="485"/><SP WIDTH="19" VPOS="1215" HPOS="541"/><String WC="0.8937500119" CONTENT="Skulptur" HEIGHT="39" WIDTH="154" VPOS="1214" HPOS="561"/><SP WIDTH="14" VPOS="1224" HPOS="716"/><String WC="0.9375" CONTENT="sich" HEIGHT="29" WIDTH="67" VPOS="1213" HPOS="731"/><SP WIDTH="15" VPOS="1213" HPOS="799"/><String WC="0.9840000272" CONTENT="immer" HEIGHT="29" WIDTH="113" VPOS="1212" HPOS="815"/><SP WIDTH="16" VPOS="1221" HPOS="929"/><String WC="0.948333323" CONTENT="wieder" HEIGHT="29" WIDTH="113" VPOS="1210" HPOS="946"/><SP WIDTH="15" VPOS="1220" HPOS="1060"/><String WC="0.9029999971" CONTENT="einstellt;" HEIGHT="35" WIDTH="155" VPOS="1209" HPOS="1076"/><SP WIDTH="23" VPOS="1219" HPOS="1232"/><String WC="0.9275000095" CONTENT="zugleich" HEIGHT="39" WIDTH="139" VPOS="1209" HPOS="1256"/><SP WIDTH="17" VPOS="1210" HPOS="1396"/><String WC="0.824000001" CONTENT="wirkt" HEIGHT="29" WIDTH="93" VPOS="1210" HPOS="1414"/><SP WIDTH="17" VPOS="1211" HPOS="1508"/><String WC="0.9766666889" CONTENT="das" HEIGHT="29" WIDTH="56" VPOS="1211" HPOS="1526"/></TextLine>
<TextLine HEIGHT="44" WIDTH="1378" VPOS="1253" HPOS="204"><String WC="0.9520000219" CONTENT="Ganze" HEIGHT="28" WIDTH="107" VPOS="1261" HPOS="204"/><SP WIDTH="21" VPOS="1262" HPOS="312"/><String WC="0.896666646" CONTENT="derart" HEIGHT="30" WIDTH="107" VPOS="1260" HPOS="334"/><SP WIDTH="17" VPOS="1262" HPOS="442"/><String WC="0.9683333039" CONTENT="„antikisch“," HEIGHT="34" WIDTH="213" VPOS="1259" HPOS="460"/><SP WIDTH="24" VPOS="1259" HPOS="674"/><String WC="1." CONTENT="daß" HEIGHT="29" WIDTH="63" VPOS="1258" HPOS="699"/><SP WIDTH="17" VPOS="1258" HPOS="763"/><String WC="0.9366666675" CONTENT="man" HEIGHT="19" WIDTH="74" VPOS="1267" HPOS="781"/><SP WIDTH="17" VPOS="1265" HPOS="856"/><String WC="1." CONTENT="sich" HEIGHT="29" WIDTH="66" VPOS="1255" HPOS="874"/><SP WIDTH="16" VPOS="1255" HPOS="941"/><String WC="0.9157142639" CONTENT="bewogen" HEIGHT="38" WIDTH="149" VPOS="1254" HPOS="958"/><SP WIDTH="17" VPOS="1254" HPOS="1108"/><String WC="0.9100000262" CONTENT="fühlt," HEIGHT="33" WIDTH="95" VPOS="1254" HPOS="1126"/><SP WIDTH="24" VPOS="1264" HPOS="1222"/><String WC="0.9060000181" CONTENT="unter" HEIGHT="26" WIDTH="93" VPOS="1257" HPOS="1247"/><SP WIDTH="16" VPOS="1264" HPOS="1341"/><String WC="0.8857142925" CONTENT="antiken" HEIGHT="28" WIDTH="130" VPOS="1255" HPOS="1358"/><SP WIDTH="17" VPOS="1256" HPOS="1489"/><String WC="1." CONTENT="For" HEIGHT="28" WIDTH="61" VPOS="1256" HPOS="1507" SUBS_TYPE="HypPart1" SUBS_CONTENT="Formulierungen"/><HYP CONTENT="­"/></TextLine>
<TextLine HEIGHT="46" WIDTH="1381" VPOS="1297" HPOS="202"><String WC="0.8609091043" CONTENT="mulierungen" HEIGHT="38" WIDTH="220" VPOS="1305" HPOS="202" SUBS_TYPE="HypPart2" SUBS_CONTENT="Formulierungen"/><SP WIDTH="11" VPOS="1313" HPOS="422"/><String WC="1." CONTENT="nach" HEIGHT="28" WIDTH="82" VPOS="1304" HPOS="433"/><SP WIDTH="11" VPOS="1304" HPOS="516"/><String WC="0.9700000286" CONTENT="einem" HEIGHT="29" WIDTH="103" VPOS="1303" HPOS="528"/><SP WIDTH="10" VPOS="1303" HPOS="632"/><String WC="0.8885714412" CONTENT="Vorbild" HEIGHT="29" WIDTH="132" VPOS="1302" HPOS="643"/><SP WIDTH="10" VPOS="1302" HPOS="776"/><String WC="0.6200000048" CONTENT="zu" HEIGHT="19" WIDTH="39" VPOS="1311" HPOS="787"/><SP WIDTH="11" VPOS="1311" HPOS="827"/><String WC="0.9785714149" CONTENT="suchen." HEIGHT="29" WIDTH="128" VPOS="1300" HPOS="839"/><SP WIDTH="13" VPOS="1299" HPOS="968"/><String WC="1." CONTENT="Und" HEIGHT="28" WIDTH="75" VPOS="1299" HPOS="982"/><SP WIDTH="9" VPOS="1299" HPOS="1058"/><String WC="1." CONTENT="in" HEIGHT="27" WIDTH="32" VPOS="1299" HPOS="1068"/><SP WIDTH="12" VPOS="1298" HPOS="1101"/><String WC="1." CONTENT="der" HEIGHT="28" WIDTH="56" VPOS="1298" HPOS="1114"/><SP WIDTH="11" VPOS="1299" HPOS="1171"/><String WC="1." CONTENT="Tat" HEIGHT="27" WIDTH="60" VPOS="1299" HPOS="1183"/><SP WIDTH="11" VPOS="1301" HPOS="1244"/><String WC="1." CONTENT="geht" HEIGHT="37" WIDTH="77" VPOS="1299" HPOS="1255"/><SP WIDTH="12" VPOS="1299" HPOS="1332"/><String WC="0.8880000114" CONTENT="diese" HEIGHT="29" WIDTH="83" VPOS="1299" HPOS="1345"/><SP WIDTH="12" VPOS="1299" HPOS="1429"/><String WC="0.9300000072" CONTENT="Darstel" HEIGHT="30" WIDTH="127" VPOS="1298" HPOS="1442" SUBS_TYPE="HypPart1" SUBS_CONTENT="Darstellung"/><HYP CONTENT="­"/></TextLine>
<TextLine HEIGHT="46" WIDTH="1380" VPOS="1341" HPOS="203"><String WC="0.8650000095" CONTENT="lung" HEIGHT="37" WIDTH="77" VPOS="1350" HPOS="203" SUBS_TYPE="HypPart2" SUBS_CONTENT="Darstellung"/><SP WIDTH="17" VPOS="1359" HPOS="281"/><String WC="0.8166666627" CONTENT="auf" HEIGHT="28" WIDTH="57" VPOS="1350" HPOS="299"/><SP WIDTH="17" VPOS="1349" HPOS="357"/><String WC="0.9850000143" CONTENT="eine" HEIGHT="29" WIDTH="68" VPOS="1348" HPOS="375"/><SP WIDTH="18" VPOS="1349" HPOS="444"/><String WC="0.9750000238" CONTENT="Antike" HEIGHT="28" WIDTH="139" VPOS="1348" HPOS="463"/><SP WIDTH="19" VPOS="1357" HPOS="603"/><String WC="0.8399999738" CONTENT="und" HEIGHT="28" WIDTH="67" VPOS="1347" HPOS="623"/><SP WIDTH="17" VPOS="1347" HPOS="691"/><String WC="1." CONTENT="zwar" HEIGHT="18" WIDTH="83" VPOS="1356" HPOS="709"/><SP WIDTH="18" VPOS="1355" HPOS="793"/><String WC="1." CONTENT="auf" HEIGHT="30" WIDTH="56" VPOS="1344" HPOS="812"/><SP WIDTH="17" VPOS="1344" HPOS="869"/><String WC="0.9599999785" CONTENT="ein" HEIGHT="28" WIDTH="50" VPOS="1343" HPOS="887"/><SP WIDTH="19" VPOS="1343" HPOS="938"/><String WC="0.94599998" CONTENT="Elfenbeinrelief" HEIGHT="29" WIDTH="260" VPOS="1342" HPOS="958"/><SP WIDTH="16" VPOS="1342" HPOS="1219"/><String WC="0.6800000072" CONTENT="in" HEIGHT="28" WIDTH="32" VPOS="1342" HPOS="1236"/><SP WIDTH="21" VPOS="1343" HPOS="1269"/><String WC="0.9542857409" CONTENT="Ravenna" HEIGHT="30" WIDTH="154" VPOS="1342" HPOS="1291"/><SP WIDTH="18" VPOS="1352" HPOS="1446"/><String WC="0.9383333325" CONTENT="zurück" HEIGHT="30" WIDTH="118" VPOS="1342" HPOS="1465"/></TextLine>
<TextLine HEIGHT="46" WIDTH="1376" VPOS="1385" HPOS="208"><String WC="0.9860000014" CONTENT="(Abb." HEIGHT="37" WIDTH="93" VPOS="1394" HPOS="208"/><SP WIDTH="13" VPOS="1402" HPOS="302"/><String WC="0.9175000191" CONTENT="24)," HEIGHT="38" WIDTH="61" VPOS="1392" HPOS="316"/><SP WIDTH="22" VPOS="1393" HPOS="378"/><String WC="1." CONTENT="das" HEIGHT="27" WIDTH="58" VPOS="1393" HPOS="401"/><SP WIDTH="19" VPOS="1401" HPOS="460"/><String WC="0.9325000048" CONTENT="wohl" HEIGHT="28" WIDTH="82" VPOS="1392" HPOS="480"/><SP WIDTH="20" VPOS="1392" HPOS="563"/><String WC="1." CONTENT="dem" HEIGHT="29" WIDTH="73" VPOS="1391" HPOS="584"/><SP WIDTH="18" VPOS="1398" HPOS="658"/><String WC="0.8550000191" CONTENT="4." HEIGHT="29" WIDTH="28" VPOS="1398" HPOS="677"/><SP WIDTH="16" VPOS="1391" HPOS="706"/><String WC="0.9281818271" CONTENT="Jahrhundert" HEIGHT="39" WIDTH="219" VPOS="1388" HPOS="723"/><SP WIDTH="20" VPOS="1389" HPOS="943"/><String WC="0.9925000072" CONTENT="angehört" HEIGHT="38" WIDTH="156" VPOS="1386" HPOS="964"/><SP WIDTH="20" VPOS="1389" HPOS="1121"/><String WC="1." CONTENT="und" HEIGHT="27" WIDTH="67" VPOS="1387" HPOS="1142"/><SP WIDTH="18" VPOS="1386" HPOS="1210"/><String WC="0.6949999928" CONTENT="in" HEIGHT="28" WIDTH="32" VPOS="1386" HPOS="1229"/><SP WIDTH="20" VPOS="1396" HPOS="1262"/><String WC="0.9580000043" CONTENT="naher" HEIGHT="30" WIDTH="98" VPOS="1386" HPOS="1283"/><SP WIDTH="20" VPOS="1387" HPOS="1382"/><String WC="0.9077777863" CONTENT="Beziehung" HEIGHT="37" WIDTH="181" VPOS="1387" HPOS="1403"/></TextLine>
<TextLine HEIGHT="46" WIDTH="1380" VPOS="1429" HPOS="203"><String WC="0.7699999809" CONTENT="zur" HEIGHT="18" WIDTH="56" VPOS="1447" HPOS="203"/><SP WIDTH="21" VPOS="1438" HPOS="260"/><String WC="0.9990000129" CONTENT="koptischen" HEIGHT="38" WIDTH="188" VPOS="1437" HPOS="282"/><SP WIDTH="21" VPOS="1436" HPOS="471"/><String WC="0.9300000072" CONTENT="Kunst" HEIGHT="29" WIDTH="107" VPOS="1436" HPOS="493"/><SP WIDTH="20" VPOS="1438" HPOS="601"/><String WC="1." CONTENT="steht." HEIGHT="28" WIDTH="96" VPOS="1435" HPOS="622"/><String STYLE="superscript" WC="0.25" CONTENT="3" HEIGHT="17" WIDTH="12" VPOS="1434" HPOS="722"/><String WC="0.8100000024" CONTENT=")" HEIGHT="36" WIDTH="9" VPOS="1435" HPOS="736"/><SP WIDTH="31" VPOS="1434" HPOS="746"/><String WC="0.9793333411" CONTENT="Zwischenglieder" HEIGHT="39" WIDTH="281" VPOS="1431" HPOS="778"/><SP WIDTH="19" VPOS="1440" HPOS="1060"/><String WC="1." CONTENT="oder" HEIGHT="29" WIDTH="77" VPOS="1430" HPOS="1080"/><SP WIDTH="20" VPOS="1439" HPOS="1158"/><String WC="0.9250000119" CONTENT="noch" HEIGHT="27" WIDTH="81" VPOS="1431" HPOS="1179"/><SP WIDTH="20" VPOS="1431" HPOS="1261"/><String WC="0.8880000114" CONTENT="näher" HEIGHT="30" WIDTH="98" VPOS="1430" HPOS="1282"/><SP WIDTH="19" VPOS="1440" HPOS="1381"/><String WC="0.9311110973" CONTENT="verwandte" HEIGHT="28" WIDTH="182" VPOS="1431" HPOS="1401"/></TextLine>
<TextLine HEIGHT="45" WIDTH="1380" VPOS="1473" HPOS="203"><String WC="0.9599999785" CONTENT="antike" HEIGHT="29" WIDTH="109" VPOS="1481" HPOS="203"/><SP WIDTH="16" VPOS="1482" HPOS="313"/><String WC="0.8444444537" CONTENT="Vorbilder" HEIGHT="29" WIDTH="166" VPOS="1480" HPOS="330"/><SP WIDTH="14" VPOS="1490" HPOS="497"/><String WC="0.7925000191" CONTENT="sind" HEIGHT="29" WIDTH="71" VPOS="1480" HPOS="512"/><SP WIDTH="15" VPOS="1480" HPOS="584"/><String WC="1." CONTENT="mir" HEIGHT="28" WIDTH="60" VPOS="1479" HPOS="600"/><SP WIDTH="14" VPOS="1488" HPOS="661"/><String WC="0.9359999895" CONTENT="nicht" HEIGHT="28" WIDTH="88" VPOS="1478" HPOS="676"/><SP WIDTH="14" VPOS="1478" HPOS="765"/><String WC="0.9100000262" CONTENT="bekannt," HEIGHT="34" WIDTH="153" VPOS="1476" HPOS="780"/><SP WIDTH="16" VPOS="1475" HPOS="934"/><String WC="0.9300000072" CONTENT="die" HEIGHT="28" WIDTH="50" VPOS="1475" HPOS="951"/><SP WIDTH="16" VPOS="1475" HPOS="1002"/><String WC="0.9516666532" CONTENT="Unterschiede" HEIGHT="29" WIDTH="228" VPOS="1474" HPOS="1019"/><SP WIDTH="15" VPOS="1484" HPOS="1248"/><String WC="1." CONTENT="sind" HEIGHT="27" WIDTH="71" VPOS="1475" HPOS="1264"/><SP WIDTH="15" VPOS="1475" HPOS="1336"/><String WC="0.9515384436" CONTENT="mannigfaltig," HEIGHT="40" WIDTH="231" VPOS="1473" HPOS="1352"/></TextLine>
<TextLine HEIGHT="45" WIDTH="1383" VPOS="1517" HPOS="203"><String WC="0.8575000167" CONTENT="aber" HEIGHT="28" WIDTH="76" VPOS="1526" HPOS="203"/><SP WIDTH="17" VPOS="1525" HPOS="280"/><String WC="0.8799999952" CONTENT="der" HEIGHT="28" WIDTH="55" VPOS="1525" HPOS="298"/><SP WIDTH="16" VPOS="1525" HPOS="354"/><String WC="0.8953333497" CONTENT="ikonographische" HEIGHT="38" WIDTH="284" VPOS="1523" HPOS="371"/><SP WIDTH="17" VPOS="1523" HPOS="656"/><String WC="0.9133333564" CONTENT="Zusammenhang" HEIGHT="39" WIDTH="278" VPOS="1519" HPOS="674"/><SP WIDTH="15" VPOS="1519" HPOS="953"/><String WC="1." CONTENT="ist" HEIGHT="28" WIDTH="43" VPOS="1519" HPOS="969"/><SP WIDTH="17" VPOS="1521" HPOS="1013"/><String WC="1." CONTENT="nicht" HEIGHT="28" WIDTH="89" VPOS="1518" HPOS="1031"/><SP WIDTH="18" VPOS="1521" HPOS="1121"/><String WC="0.7850000262" CONTENT="zu" HEIGHT="19" WIDTH="40" VPOS="1527" HPOS="1140"/><SP WIDTH="16" VPOS="1518" HPOS="1181"/><String WC="0.9454545379" CONTENT="bezweifeln." HEIGHT="30" WIDTH="191" VPOS="1517" HPOS="1198"/><SP WIDTH="19" VPOS="1519" HPOS="1390"/><String WC="0.9700000286" CONTENT="Vor" HEIGHT="28" WIDTH="63" VPOS="1519" HPOS="1410"/><SP WIDTH="17" VPOS="1529" HPOS="1474"/><String WC="0.7480000257" CONTENT="allem" HEIGHT="28" WIDTH="94" VPOS="1519" HPOS="1492"/></TextLine>
<TextLine HEIGHT="45" WIDTH="1384" VPOS="1561" HPOS="203"><String WC="1." CONTENT="beweisend" HEIGHT="30" WIDTH="179" VPOS="1568" HPOS="203"/><SP WIDTH="16" VPOS="1568" HPOS="382"/><String WC="1." CONTENT="ist" HEIGHT="29" WIDTH="43" VPOS="1568" HPOS="398"/><SP WIDTH="19" VPOS="1569" HPOS="441"/><String WC="1." CONTENT="die" HEIGHT="28" WIDTH="50" VPOS="1569" HPOS="460"/><SP WIDTH="17" VPOS="1569" HPOS="510"/><String WC="1." CONTENT="in" HEIGHT="28" WIDTH="34" VPOS="1569" HPOS="527"/><SP WIDTH="18" VPOS="1569" HPOS="561"/><String WC="1." CONTENT="der" HEIGHT="30" WIDTH="56" VPOS="1567" HPOS="579"/><SP WIDTH="18" VPOS="1576" HPOS="635"/><String WC="0.8314285874" CONTENT="neueren" HEIGHT="21" WIDTH="138" VPOS="1575" HPOS="653"/><SP WIDTH="17" VPOS="1566" HPOS="791"/><String WC="1." CONTENT="Tradition" HEIGHT="31" WIDTH="167" VPOS="1563" HPOS="808"/><SP WIDTH="17" VPOS="1572" HPOS="975"/><String WC="1." CONTENT="ganz" HEIGHT="28" WIDTH="81" VPOS="1572" HPOS="992"/><SP WIDTH="18" VPOS="1572" HPOS="1073"/><String WC="1." CONTENT="vereinzelte" HEIGHT="29" WIDTH="190" VPOS="1562" HPOS="1091"/><SP WIDTH="21" VPOS="1563" HPOS="1281"/><String WC="0.875" CONTENT="Stellung" HEIGHT="39" WIDTH="143" VPOS="1562" HPOS="1302"/><SP WIDTH="17" VPOS="1563" HPOS="1445"/><String WC="0.8799999952" CONTENT="der" HEIGHT="29" WIDTH="56" VPOS="1563" HPOS="1462"/><SP WIDTH="17" VPOS="1563" HPOS="1518"/><String WC="0.9499999881" CONTENT="Fi" HEIGHT="28" WIDTH="38" VPOS="1562" HPOS="1535" SUBS_TYPE="HypPart1" SUBS_CONTENT="Figuren"/><HYP CONTENT="­"/></TextLine>
<TextLine HEIGHT="47" WIDTH="1382" VPOS="1605" HPOS="203"><String WC="0.9079999924" CONTENT="guren" HEIGHT="29" WIDTH="99" VPOS="1623" HPOS="203" SUBS_TYPE="HypPart2" SUBS_CONTENT="Figuren"/><SP WIDTH="15" VPOS="1624" HPOS="303"/><String WC="0.9618181586" CONTENT="zueinander:" HEIGHT="29" WIDTH="205" VPOS="1613" HPOS="319"/><SP WIDTH="16" VPOS="1613" HPOS="525"/><String WC="0.9440000057" CONTENT="beide" HEIGHT="29" WIDTH="91" VPOS="1612" HPOS="542"/><SP WIDTH="15" VPOS="1622" HPOS="634"/><String WC="1." CONTENT="en" HEIGHT="18" WIDTH="39" VPOS="1622" HPOS="650"/><SP WIDTH="13" VPOS="1612" HPOS="690"/><String WC="0.9225000143" CONTENT="face" HEIGHT="28" WIDTH="69" VPOS="1612" HPOS="704"/><SP WIDTH="15" VPOS="1621" HPOS="774"/><String WC="0.9887499809" CONTENT="gegeben," HEIGHT="39" WIDTH="150" VPOS="1609" HPOS="790"/><SP WIDTH="16" VPOS="1618" HPOS="941"/><String WC="1." CONTENT="so" HEIGHT="20" WIDTH="34" VPOS="1616" HPOS="958"/><SP WIDTH="15" VPOS="1607" HPOS="993"/><String WC="0.9033333063" CONTENT="daß" HEIGHT="28" WIDTH="63" VPOS="1607" HPOS="1009"/><SP WIDTH="16" VPOS="1607" HPOS="1073"/><String WC="0.8374999762" CONTENT="„Flucht“" HEIGHT="35" WIDTH="160" VPOS="1606" HPOS="1090"/><SP WIDTH="16" VPOS="1606" HPOS="1251"/><String WC="0.8700000048" CONTENT="und" HEIGHT="28" WIDTH="66" VPOS="1607" HPOS="1268"/><SP WIDTH="15" VPOS="1608" HPOS="1335"/><String WC="0.9233333468" CONTENT="„Verfolgung“" HEIGHT="39" WIDTH="234" VPOS="1606" HPOS="1351"/></TextLine>
<TextLine HEIGHT="47" WIDTH="1382" VPOS="1649" HPOS="204"><String WC="0.8824999928" CONTENT="garnicht" HEIGHT="38" WIDTH="146" VPOS="1658" HPOS="204"/><SP WIDTH="14" VPOS="1660" HPOS="351"/><String WC="1." CONTENT="sprechen" HEIGHT="37" WIDTH="154" VPOS="1657" HPOS="366"/><SP WIDTH="13" VPOS="1667" HPOS="521"/><String WC="0.8249999881" CONTENT="sollen" HEIGHT="29" WIDTH="98" VPOS="1656" HPOS="535"/><SP WIDTH="14" VPOS="1666" HPOS="634"/><String WC="0.8700000048" CONTENT="und" HEIGHT="28" WIDTH="67" VPOS="1656" HPOS="649"/><SP WIDTH="13" VPOS="1656" HPOS="717"/><String WC="0.8085714579" CONTENT="können." HEIGHT="30" WIDTH="137" VPOS="1654" HPOS="731"/><SP WIDTH="16" VPOS="1653" HPOS="869"/><String WC="1." CONTENT="Von" HEIGHT="28" WIDTH="70" VPOS="1653" HPOS="886"/><SP WIDTH="13" VPOS="1661" HPOS="957"/><String WC="0.9214285612" CONTENT="größtem" HEIGHT="38" WIDTH="149" VPOS="1650" HPOS="971"/><SP WIDTH="14" VPOS="1650" HPOS="1121"/><String WC="0.8822222352" CONTENT="Interesse" HEIGHT="29" WIDTH="155" VPOS="1650" HPOS="1136"/><SP WIDTH="13" VPOS="1651" HPOS="1292"/><String WC="1." CONTENT="ist" HEIGHT="29" WIDTH="41" VPOS="1651" HPOS="1306"/><SP WIDTH="15" VPOS="1653" HPOS="1348"/><String WC="0.6366666555" CONTENT="nun" HEIGHT="18" WIDTH="65" VPOS="1661" HPOS="1364"/><SP WIDTH="14" VPOS="1661" HPOS="1430"/><String WC="0.7975000143" CONTENT="aber" HEIGHT="28" WIDTH="76" VPOS="1652" HPOS="1445"/><SP WIDTH="14" VPOS="1651" HPOS="1522"/><String WC="0.9200000167" CONTENT="die" HEIGHT="27" WIDTH="49" VPOS="1651" HPOS="1537"/></TextLine>
<TextLine HEIGHT="46" WIDTH="1383" VPOS="1693" HPOS="206"><String WC="0.949000001" CONTENT="Umwandlung" HEIGHT="38" WIDTH="277" VPOS="1701" HPOS="206"/><SP WIDTH="18" VPOS="1701" HPOS="484"/><String WC="1." CONTENT="des" HEIGHT="28" WIDTH="54" VPOS="1701" HPOS="503"/><SP WIDTH="19" VPOS="1701" HPOS="558"/><String WC="0.9433333278" CONTENT="Vorbilds." HEIGHT="29" WIDTH="157" VPOS="1700" HPOS="578"/><SP WIDTH="20" VPOS="1700" HPOS="736"/><String WC="0.7966666818" CONTENT="Das" HEIGHT="27" WIDTH="67" VPOS="1700" HPOS="757"/><SP WIDTH="18" VPOS="1708" HPOS="825"/><String WC="1." CONTENT="antike" HEIGHT="29" WIDTH="108" VPOS="1697" HPOS="844"/><SP WIDTH="19" VPOS="1695" HPOS="953"/><String WC="0.8999999762" CONTENT="Werk" HEIGHT="28" WIDTH="96" VPOS="1695" HPOS="973"/><SP WIDTH="17" VPOS="1695" HPOS="1070"/><String WC="1." CONTENT="begnügt" HEIGHT="38" WIDTH="142" VPOS="1695" HPOS="1088"/><SP WIDTH="18" VPOS="1698" HPOS="1231"/><String WC="1." CONTENT="sich" HEIGHT="29" WIDTH="66" VPOS="1694" HPOS="1250"/><SP WIDTH="18" VPOS="1695" HPOS="1317"/><String WC="0.9725000262" CONTENT="ganz" HEIGHT="30" WIDTH="80" VPOS="1703" HPOS="1336"/><SP WIDTH="18" VPOS="1705" HPOS="1417"/><String WC="1." CONTENT="mit" HEIGHT="27" WIDTH="59" VPOS="1696" HPOS="1436"/><SP WIDTH="18" VPOS="1696" HPOS="1496"/><String WC="0.9966666698" CONTENT="dem" HEIGHT="28" WIDTH="74" VPOS="1696" HPOS="1515"/></TextLine>
<TextLine HEIGHT="46" WIDTH="1381" VPOS="1738" HPOS="208"><String WC="0.9850000143" CONTENT="Statischen" HEIGHT="30" WIDTH="181" VPOS="1745" HPOS="208"/><SP WIDTH="17" VPOS="1745" HPOS="390"/><String WC="0.9900000095" CONTENT="(wie" HEIGHT="38" WIDTH="68" VPOS="1745" HPOS="408"/><SP WIDTH="15" VPOS="1746" HPOS="477"/><String WC="1." CONTENT="fast" HEIGHT="28" WIDTH="64" VPOS="1746" HPOS="493"/><SP WIDTH="16" VPOS="1748" HPOS="558"/><String WC="1." CONTENT="alle" HEIGHT="29" WIDTH="59" VPOS="1744" HPOS="575"/><SP WIDTH="16" VPOS="1754" HPOS="635"/><String WC="0.9757142663" CONTENT="antiken" HEIGHT="28" WIDTH="131" VPOS="1744" HPOS="652"/><SP WIDTH="16" VPOS="1744" HPOS="784"/><String WC="0.8842856884" CONTENT="Formulierungen" HEIGHT="40" WIDTH="282" VPOS="1740" HPOS="801"/><SP WIDTH="16" VPOS="1740" HPOS="1084"/><String WC="1." CONTENT="des" HEIGHT="29" WIDTH="55" VPOS="1739" HPOS="1101"/><SP WIDTH="15" VPOS="1739" HPOS="1157"/><String WC="1." CONTENT="Themas):" HEIGHT="37" WIDTH="165" VPOS="1739" HPOS="1173"/><SP WIDTH="16" VPOS="1740" HPOS="1339"/><String WC="0.8766666651" CONTENT="Apollo" HEIGHT="39" WIDTH="112" VPOS="1739" HPOS="1356"/><SP WIDTH="13" VPOS="1740" HPOS="1469"/><String WC="1." CONTENT="ist" HEIGHT="28" WIDTH="43" VPOS="1740" HPOS="1483"/><SP WIDTH="15" VPOS="1742" HPOS="1527"/><String WC="0.8399999738" CONTENT="als" HEIGHT="29" WIDTH="46" VPOS="1738" HPOS="1543"/></TextLine>
<TextLine HEIGHT="47" WIDTH="1381" VPOS="1781" HPOS="208"><String WC="0.9933333397" CONTENT="Kitharöde" HEIGHT="29" WIDTH="177" VPOS="1790" HPOS="208"/><SP WIDTH="16" VPOS="1799" HPOS="386"/><String WC="0.9912499785" CONTENT="gegeben," HEIGHT="37" WIDTH="151" VPOS="1790" HPOS="403"/><SP WIDTH="17" VPOS="1799" HPOS="555"/><String WC="1." CONTENT="er" HEIGHT="19" WIDTH="33" VPOS="1799" HPOS="573"/><SP WIDTH="17" VPOS="1789" HPOS="607"/><String WC="0.9714285731" CONTENT="besingt" HEIGHT="36" WIDTH="149" VPOS="1789" HPOS="625"/><SP WIDTH="18" VPOS="1788" HPOS="775"/><String WC="0.8500000238" CONTENT="die" HEIGHT="28" WIDTH="49" VPOS="1788" HPOS="794"/><SP WIDTH="21" VPOS="1786" HPOS="844"/><String WC="0.9177777767" CONTENT="Jungfrau," HEIGHT="38" WIDTH="169" VPOS="1784" HPOS="866"/><SP WIDTH="18" VPOS="1783" HPOS="1036"/><String WC="1." CONTENT="die" HEIGHT="29" WIDTH="50" VPOS="1783" HPOS="1055"/><SP WIDTH="18" VPOS="1793" HPOS="1106"/><String WC="0.9350000024" CONTENT="nach" HEIGHT="28" WIDTH="80" VPOS="1783" HPOS="1125"/><SP WIDTH="19" VPOS="1783" HPOS="1206"/><String WC="0.9789999723" CONTENT="ägyptisch-koptischer" HEIGHT="40" WIDTH="363" VPOS="1782" HPOS="1226"/></TextLine>
<TextLine HEIGHT="45" WIDTH="1384" VPOS="1825" HPOS="206"><String WC="1." CONTENT="Weise" HEIGHT="29" WIDTH="102" VPOS="1834" HPOS="207"/><SP WIDTH="20" VPOS="1845" HPOS="310"/><String WC="0.9312499762" CONTENT="„hinter“" HEIGHT="35" WIDTH="148" VPOS="1834" HPOS="331"/><SP WIDTH="20" VPOS="1834" HPOS="480"/><String WC="0.8114285469" CONTENT="„ihrem“" HEIGHT="36" WIDTH="145" VPOS="1832" HPOS="501"/><SP WIDTH="20" VPOS="1832" HPOS="647"/><String WC="0.7300000191" CONTENT="Baum" HEIGHT="27" WIDTH="105" VPOS="1833" HPOS="668"/><SP WIDTH="16" VPOS="1842" HPOS="774"/><String WC="0.9499999881" CONTENT="erscheint" HEIGHT="31" WIDTH="158" VPOS="1829" HPOS="790"/><SP WIDTH="19" VPOS="1832" HPOS="949"/><String WC="0.6933333278" CONTENT="und" HEIGHT="30" WIDTH="68" VPOS="1827" HPOS="968"/><SP WIDTH="17" VPOS="1827" HPOS="1036"/><String WC="1." CONTENT="ihm" HEIGHT="29" WIDTH="70" VPOS="1827" HPOS="1053"/><SP WIDTH="15" VPOS="1837" HPOS="1124"/><String WC="0.7639999986" CONTENT="ruhig" HEIGHT="37" WIDTH="95" VPOS="1827" HPOS="1139"/><SP WIDTH="18" VPOS="1837" HPOS="1235"/><String WC="0.9133333564" CONTENT="zuzuhören" HEIGHT="30" WIDTH="181" VPOS="1827" HPOS="1253"/><SP WIDTH="18" VPOS="1837" HPOS="1435"/><String WC="0.9562500119" CONTENT="scheint;" HEIGHT="32" WIDTH="137" VPOS="1827" HPOS="1453"/></TextLine>
<TextLine HEIGHT="47" WIDTH="1384" VPOS="1870" HPOS="208"><String WC="0.9728571177" CONTENT="Apollos" HEIGHT="38" WIDTH="129" VPOS="1879" HPOS="208"/><SP WIDTH="17" VPOS="1879" HPOS="338"/><String WC="0.8999999762" CONTENT="Schwan" HEIGHT="30" WIDTH="133" VPOS="1878" HPOS="356"/><SP WIDTH="15" VPOS="1888" HPOS="490"/><String WC="0.8399999738" CONTENT="und" HEIGHT="27" WIDTH="66" VPOS="1879" HPOS="506"/><SP WIDTH="14" VPOS="1878" HPOS="573"/><String WC="1." CONTENT="der" HEIGHT="29" WIDTH="55" VPOS="1877" HPOS="588"/><SP WIDTH="14" VPOS="1880" HPOS="644"/><String WC="0.9242857099" CONTENT="triumphierende" HEIGHT="40" WIDTH="270" VPOS="1874" HPOS="659"/><SP WIDTH="8" VPOS="1874" HPOS="930"/><String WC="0.6524999738" CONTENT="Amor" HEIGHT="28" WIDTH="99" VPOS="1873" HPOS="939"/><SP WIDTH="13" VPOS="1882" HPOS="1039"/><String WC="0.9733333588" CONTENT="schließen" HEIGHT="30" WIDTH="161" VPOS="1871" HPOS="1053"/><SP WIDTH="14" VPOS="1871" HPOS="1215"/><String WC="1." CONTENT="die" HEIGHT="29" WIDTH="49" VPOS="1871" HPOS="1230"/><SP WIDTH="12" VPOS="1871" HPOS="1280"/><String WC="0.917142868" CONTENT="Gruppe." HEIGHT="39" WIDTH="139" VPOS="1870" HPOS="1293"/><SP WIDTH="16" VPOS="1872" HPOS="1433"/><String WC="1." CONTENT="Der" HEIGHT="27" WIDTH="64" VPOS="1872" HPOS="1450"/><SP WIDTH="16" VPOS="1872" HPOS="1515"/><String WC="1." CONTENT="Re" HEIGHT="27" WIDTH="45" VPOS="1872" HPOS="1532" SUBS_TYPE="HypPart1" SUBS_CONTENT="Renaissancemeister"/><HYP CONTENT="­"/></TextLine>
<TextLine HEIGHT="46" WIDTH="1384" VPOS="1914" HPOS="208"><String WC="0.9375" CONTENT="naissancemeister" HEIGHT="31" WIDTH="294" VPOS="1922" HPOS="208" SUBS_TYPE="HypPart2" SUBS_CONTENT="Renaissancemeister"/><SP WIDTH="15" VPOS="1923" HPOS="503"/><String WC="0.9666666389" CONTENT="behält" HEIGHT="30" WIDTH="109" VPOS="1921" HPOS="519"/><SP WIDTH="16" VPOS="1922" HPOS="629"/><String WC="1." CONTENT="die" HEIGHT="28" WIDTH="50" VPOS="1921" HPOS="646"/><SP WIDTH="19" VPOS="1921" HPOS="697"/><String WC="0.9712499976" CONTENT="Stellung" HEIGHT="38" WIDTH="172" VPOS="1919" HPOS="717"/><SP WIDTH="15" VPOS="1918" HPOS="890"/><String WC="0.9028571248" CONTENT="Apollos" HEIGHT="38" WIDTH="130" VPOS="1917" HPOS="906"/><SP WIDTH="14" VPOS="1916" HPOS="1037"/><String WC="1." CONTENT="im" HEIGHT="28" WIDTH="45" VPOS="1916" HPOS="1052"/><SP WIDTH="14" VPOS="1925" HPOS="1098"/><String WC="0.8616666794" CONTENT="großen" HEIGHT="37" WIDTH="120" VPOS="1916" HPOS="1113"/><SP WIDTH="15" VPOS="1925" HPOS="1234"/><String WC="0.9966666698" CONTENT="ganzen" HEIGHT="29" WIDTH="120" VPOS="1924" HPOS="1250"/><SP WIDTH="17" VPOS="1915" HPOS="1371"/><String WC="1." CONTENT="bei," HEIGHT="34" WIDTH="60" VPOS="1915" HPOS="1389"/><SP WIDTH="17" VPOS="1925" HPOS="1450"/><String WC="1." CONTENT="aber" HEIGHT="28" WIDTH="75" VPOS="1916" HPOS="1468"/><SP WIDTH="14" VPOS="1925" HPOS="1544"/><String WC="0.9850000143" CONTENT="er" HEIGHT="19" WIDTH="33" VPOS="1924" HPOS="1559"/></TextLine>
</TextBlock>
<TextBlock ID="Page1_Block6" HEIGHT="583" WIDTH="1398" VPOS="2004" HPOS="207" language="de"><Shape><Polygon POINTS="214,2011 1609,2011 1609,2586 214,2586 214,2011"/></Shape>
<TextLine HEIGHT="41" WIDTH="1300" VPOS="2010" HPOS="293"><String WC="0.8349999785" CONTENT="1)" HEIGHT="30" WIDTH="23" VPOS="2020" HPOS="293"/><SP WIDTH="19" VPOS="2020" HPOS="317"/><String WC="0.8342857361" CONTENT="Warburg" HEIGHT="30" WIDTH="136" VPOS="2020" HPOS="337"/><SP WIDTH="16" VPOS="2026" HPOS="474"/><String WC="0.875" CONTENT="a." HEIGHT="16" WIDTH="24" VPOS="2027" HPOS="491"/><SP WIDTH="11" VPOS="2026" HPOS="516"/><String WC="0.8700000048" CONTENT="a." HEIGHT="15" WIDTH="25" VPOS="2027" HPOS="528"/><SP WIDTH="11" VPOS="2020" HPOS="554"/><String WC="0.9750000238" CONTENT="O." HEIGHT="23" WIDTH="31" VPOS="2020" HPOS="566"/><SP WIDTH="21" VPOS="2019" HPOS="598"/><String WC="1." CONTENT="S." HEIGHT="24" WIDTH="26" VPOS="2018" HPOS="620"/><SP WIDTH="11" VPOS="2025" HPOS="647"/><String WC="0.8000000119" CONTENT="31" HEIGHT="22" WIDTH="30" VPOS="2025" HPOS="659"/><SP WIDTH="19" VPOS="2018" HPOS="690"/><String WC="0.5799999833" CONTENT="Anm." HEIGHT="22" WIDTH="82" VPOS="2018" HPOS="710"/><SP WIDTH="12" VPOS="2025" HPOS="793"/><String WC="0.8050000072" CONTENT="4." HEIGHT="21" WIDTH="23" VPOS="2025" HPOS="806"/><SP WIDTH="14" VPOS="2017" HPOS="830"/><String WC="0.9549999833" CONTENT="F." HEIGHT="23" WIDTH="29" VPOS="2016" HPOS="845"/><SP WIDTH="11" VPOS="2016" HPOS="875"/><String WC="0.6388888955" CONTENT="Lippmann," HEIGHT="31" WIDTH="167" VPOS="2014" HPOS="887"/><SP WIDTH="14" VPOS="2014" HPOS="1055"/><String WC="0.7266666889" CONTENT="Die" HEIGHT="24" WIDTH="53" VPOS="2012" HPOS="1070"/><SP WIDTH="12" VPOS="2013" HPOS="1124"/><String WC="0.8508333564" CONTENT="Holzschnitte" HEIGHT="24" WIDTH="195" VPOS="2012" HPOS="1137"/><SP WIDTH="11" VPOS="2013" HPOS="1333"/><String WC="0.926666677" CONTENT="des" HEIGHT="24" WIDTH="48" VPOS="2012" HPOS="1345"/><SP WIDTH="11" VPOS="2014" HPOS="1394"/><String WC="0.8450000286" CONTENT="Meisters" HEIGHT="22" WIDTH="124" VPOS="2014" HPOS="1406"/><SP WIDTH="12" VPOS="2014" HPOS="1531"/><String WC="1." CONTENT="I" HEIGHT="21" WIDTH="13" VPOS="2014" HPOS="1544"/><SP WIDTH="11" VPOS="2013" HPOS="1558"/><String WC="0.7900000215" CONTENT="B" HEIGHT="22" WIDTH="23" VPOS="2013" HPOS="1570"/></TextLine>
<TextLine HEIGHT="41" WIDTH="1380" VPOS="2046" HPOS="213"><String WC="0.8466666937" CONTENT="mit" HEIGHT="24" WIDTH="52" VPOS="2055" HPOS="213"/><SP WIDTH="11" VPOS="2056" HPOS="266"/><String WC="0.9399999976" CONTENT="dem" HEIGHT="22" WIDTH="63" VPOS="2056" HPOS="278"/><SP WIDTH="11" VPOS="2056" HPOS="342"/><String WC="0.75" CONTENT="Vogel," HEIGHT="31" WIDTH="95" VPOS="2055" HPOS="354"/><SP WIDTH="13" VPOS="2055" HPOS="449"/><String WC="0.8000000119" CONTENT="Internat." HEIGHT="23" WIDTH="136" VPOS="2055" HPOS="463"/><SP WIDTH="12" VPOS="2054" HPOS="600"/><String WC="0.7988888621" CONTENT="Chalkogr." HEIGHT="30" WIDTH="147" VPOS="2053" HPOS="613"/><SP WIDTH="15" VPOS="2053" HPOS="760"/><String WC="0.8550000191" CONTENT="Ges." HEIGHT="22" WIDTH="62" VPOS="2053" HPOS="776"/><SP WIDTH="15" VPOS="2059" HPOS="839"/><String WC="0.6779999733" CONTENT="1894," HEIGHT="32" WIDTH="75" VPOS="2050" HPOS="855"/><SP WIDTH="14" VPOS="2050" HPOS="930"/><String WC="0.7433333397" CONTENT="Nr." HEIGHT="23" WIDTH="47" VPOS="2049" HPOS="945"/><SP WIDTH="13" VPOS="2056" HPOS="993"/><String WC="0.9366666675" CONTENT="11." HEIGHT="15" WIDTH="39" VPOS="2056" HPOS="1007"/><SP WIDTH="14" VPOS="2049" HPOS="1047"/><String WC="0.8100000024" CONTENT="Die" HEIGHT="23" WIDTH="52" VPOS="2048" HPOS="1062"/><SP WIDTH="12" VPOS="2048" HPOS="1115"/><String WC="0.7466666698" CONTENT="Abhängigkeit" HEIGHT="30" WIDTH="206" VPOS="2048" HPOS="1128"/><SP WIDTH="10" VPOS="2050" HPOS="1335"/><String WC="0.6633333564" CONTENT="von" HEIGHT="16" WIDTH="56" VPOS="2055" HPOS="1346"/><SP WIDTH="10" VPOS="2049" HPOS="1403"/><String WC="0.8500000238" CONTENT="dem" HEIGHT="22" WIDTH="63" VPOS="2049" HPOS="1414"/><SP WIDTH="11" VPOS="2049" HPOS="1478"/><String WC="0.9100000262" CONTENT="Fresko" HEIGHT="24" WIDTH="102" VPOS="2048" HPOS="1490"/></TextLine>
<TextLine HEIGHT="41" WIDTH="1380" VPOS="2081" HPOS="214"><String WC="0.7814285755" CONTENT="scheint" HEIGHT="23" WIDTH="108" VPOS="2091" HPOS="214"/><SP WIDTH="11" VPOS="2093" HPOS="323"/><String WC="0.6261538267" CONTENT="chronologisch" HEIGHT="31" WIDTH="207" VPOS="2090" HPOS="335"/><SP WIDTH="12" VPOS="2091" HPOS="543"/><String WC="0.8500000238" CONTENT="durchaus" HEIGHT="24" WIDTH="138" VPOS="2089" HPOS="556"/><SP WIDTH="11" VPOS="2096" HPOS="695"/><String WC="0.8433333039" CONTENT="plausibel" HEIGHT="32" WIDTH="136" VPOS="2087" HPOS="707"/><SP WIDTH="11" VPOS="2087" HPOS="844"/><String WC="0.5849999785" CONTENT="zu" HEIGHT="16" WIDTH="33" VPOS="2094" HPOS="856"/><SP WIDTH="12" VPOS="2094" HPOS="890"/><String WC="0.7540000081" CONTENT="sein;" HEIGHT="27" WIDTH="70" VPOS="2085" HPOS="903"/><SP WIDTH="14" VPOS="2085" HPOS="974"/><String WC="0.9166666865" CONTENT="das" HEIGHT="22" WIDTH="49" VPOS="2085" HPOS="989"/><SP WIDTH="11" VPOS="2091" HPOS="1039"/><String WC="0.6685714126" CONTENT="einzige" HEIGHT="31" WIDTH="105" VPOS="2083" HPOS="1051"/><SP WIDTH="13" VPOS="2084" HPOS="1157"/><String WC="0.7360000014" CONTENT="Datum" HEIGHT="22" WIDTH="105" VPOS="2084" HPOS="1171"/><SP WIDTH="11" VPOS="2084" HPOS="1277"/><String WC="0.9433333278" CONTENT="für" HEIGHT="22" WIDTH="44" VPOS="2084" HPOS="1289"/><SP WIDTH="11" VPOS="2085" HPOS="1334"/><String WC="0.8733333349" CONTENT="den" HEIGHT="23" WIDTH="54" VPOS="2084" HPOS="1346"/><SP WIDTH="11" VPOS="2091" HPOS="1401"/><String WC="0.6075000167" CONTENT="noch" HEIGHT="22" WIDTH="71" VPOS="2084" HPOS="1413"/><SP WIDTH="11" VPOS="2084" HPOS="1485"/><String WC="0.8880000114" CONTENT="immer" HEIGHT="24" WIDTH="97" VPOS="2083" HPOS="1497"/></TextLine>
<TextLine HEIGHT="40" WIDTH="1378" VPOS="2117" HPOS="216"><String WC="0.7383333445" CONTENT="völlig" HEIGHT="30" WIDTH="83" VPOS="2126" HPOS="216"/><SP WIDTH="11" VPOS="2127" HPOS="300"/><String WC="0.7354545593" CONTENT="Unbekannten" HEIGHT="24" WIDTH="206" VPOS="2126" HPOS="312"/><SP WIDTH="9" VPOS="2126" HPOS="519"/><String WC="1." CONTENT="ist" HEIGHT="22" WIDTH="37" VPOS="2126" HPOS="529"/><SP WIDTH="10" VPOS="2126" HPOS="567"/><String WC="1." CONTENT="das" HEIGHT="24" WIDTH="50" VPOS="2125" HPOS="578"/><SP WIDTH="13" VPOS="2126" HPOS="629"/><String WC="0.8374999762" CONTENT="Jahr" HEIGHT="30" WIDTH="69" VPOS="2125" HPOS="643"/><SP WIDTH="13" VPOS="2131" HPOS="713"/><String WC="0.6420000196" CONTENT="1503," HEIGHT="22" WIDTH="75" VPOS="2131" HPOS="727"/><SP WIDTH="12" VPOS="2123" HPOS="803"/><String WC="0.9666666389" CONTENT="die" HEIGHT="24" WIDTH="45" VPOS="2122" HPOS="816"/><SP WIDTH="11" VPOS="2123" HPOS="862"/><String WC="0.6549999714" CONTENT="Daphne" HEIGHT="32" WIDTH="118" VPOS="2120" HPOS="874"/><SP WIDTH="11" VPOS="2127" HPOS="993"/><String WC="0.8379999995" CONTENT="setzt" HEIGHT="21" WIDTH="71" VPOS="2121" HPOS="1005"/><SP WIDTH="10" VPOS="2121" HPOS="1077"/><String WC="0.8424999714" CONTENT="aber" HEIGHT="23" WIDTH="68" VPOS="2119" HPOS="1088"/><SP WIDTH="10" VPOS="2119" HPOS="1157"/><String WC="0.4866666794" CONTENT="den" HEIGHT="22" WIDTH="54" VPOS="2119" HPOS="1168"/><SP WIDTH="10" VPOS="2120" HPOS="1223"/><String WC="0.7799999714" CONTENT="Dürer" HEIGHT="22" WIDTH="89" VPOS="2120" HPOS="1234"/><SP WIDTH="10" VPOS="2120" HPOS="1324"/><String WC="0.9933333397" CONTENT="des" HEIGHT="23" WIDTH="48" VPOS="2119" HPOS="1335"/><SP WIDTH="10" VPOS="2120" HPOS="1384"/><String WC="0.728333354" CONTENT="Marienlebens" HEIGHT="24" WIDTH="199" VPOS="2118" HPOS="1395"/></TextLine>
<TextLine HEIGHT="41" WIDTH="1378" VPOS="2152" HPOS="216"><String WC="0.7342857122" CONTENT="voraus." HEIGHT="17" WIDTH="109" VPOS="2168" HPOS="216"/><SP WIDTH="13" VPOS="2175" HPOS="326"/><String WC="1." CONTENT="—" HEIGHT="4" WIDTH="35" VPOS="2174" HPOS="340"/><SP WIDTH="10" VPOS="2161" HPOS="376"/><String WC="0.5866666436" CONTENT="Der" HEIGHT="22" WIDTH="56" VPOS="2161" HPOS="387"/><SP WIDTH="12" VPOS="2161" HPOS="444"/><String WC="0.9700000286" CONTENT="Kopf" HEIGHT="31" WIDTH="76" VPOS="2161" HPOS="457"/><SP WIDTH="10" VPOS="2162" HPOS="534"/><String WC="0.8149999976" CONTENT="in" HEIGHT="22" WIDTH="29" VPOS="2162" HPOS="545"/><SP WIDTH="11" VPOS="2162" HPOS="575"/><String WC="0.8100000024" CONTENT="der" HEIGHT="23" WIDTH="48" VPOS="2161" HPOS="587"/><SP WIDTH="11" VPOS="2160" HPOS="636"/><String WC="0.9480000138" CONTENT="Wolke" HEIGHT="24" WIDTH="98" VPOS="2159" HPOS="648"/><SP WIDTH="11" VPOS="2166" HPOS="747"/><String WC="0.7933333516" CONTENT="rechts" HEIGHT="22" WIDTH="92" VPOS="2159" HPOS="759"/><SP WIDTH="11" VPOS="2165" HPOS="852"/><String WC="0.8199999928" CONTENT="oben" HEIGHT="23" WIDTH="72" VPOS="2157" HPOS="864"/><SP WIDTH="11" VPOS="2163" HPOS="937"/><String WC="0.75" CONTENT="soll" HEIGHT="25" WIDTH="51" VPOS="2155" HPOS="949"/><SP WIDTH="11" VPOS="2155" HPOS="1001"/><String WC="0.9190000296" CONTENT="vielleicht" HEIGHT="24" WIDTH="173" VPOS="2154" HPOS="1013"/><SP WIDTH="12" VPOS="2155" HPOS="1187"/><String WC="0.6880000234" CONTENT="Diana" HEIGHT="23" WIDTH="92" VPOS="2154" HPOS="1200"/><SP WIDTH="11" VPOS="2162" HPOS="1293"/><String WC="0.8450000286" CONTENT="andeuten" HEIGHT="24" WIDTH="140" VPOS="2154" HPOS="1305"/><SP WIDTH="10" VPOS="2155" HPOS="1446"/><String WC="1." CONTENT="im" HEIGHT="22" WIDTH="39" VPOS="2154" HPOS="1457"/><SP WIDTH="13" VPOS="2154" HPOS="1497"/><String WC="0.7979999781" CONTENT="Sinne" HEIGHT="23" WIDTH="83" VPOS="2153" HPOS="1511"/></TextLine>
<TextLine HEIGHT="33" WIDTH="587" VPOS="2194" HPOS="216"><String WC="0.5199999809" CONTENT="der" HEIGHT="23" WIDTH="48" VPOS="2198" HPOS="216"/><SP WIDTH="12" VPOS="2198" HPOS="265"/><String WC="0.926666677" CONTENT="Brüsseler" HEIGHT="25" WIDTH="139" VPOS="2196" HPOS="278"/><SP WIDTH="12" VPOS="2197" HPOS="418"/><String WC="0.7637500167" CONTENT="Miniatur" HEIGHT="24" WIDTH="133" VPOS="2196" HPOS="431"/><SP WIDTH="14" VPOS="2197" HPOS="565"/><String WC="0.8999999762" CONTENT="(s." HEIGHT="30" WIDTH="30" VPOS="2196" HPOS="580"/><SP WIDTH="10" VPOS="2203" HPOS="611"/><String WC="0.8650000095" CONTENT="oben" HEIGHT="22" WIDTH="72" VPOS="2196" HPOS="622"/><SP WIDTH="14" VPOS="2195" HPOS="695"/><String WC="1." CONTENT="S." HEIGHT="23" WIDTH="26" VPOS="2195" HPOS="710"/><SP WIDTH="14" VPOS="2202" HPOS="737"/><String WC="0.7099999785" CONTENT="16)." HEIGHT="30" WIDTH="51" VPOS="2194" HPOS="752"/></TextLine>
<TextLine HEIGHT="41" WIDTH="1296" VPOS="2222" HPOS="297"><String WC="0.4650000036" CONTENT="2)" HEIGHT="30" WIDTH="26" VPOS="2232" HPOS="297"/><SP WIDTH="18" VPOS="2232" HPOS="324"/><String WC="0.4300000072" CONTENT="Das" HEIGHT="23" WIDTH="57" VPOS="2232" HPOS="343"/><SP WIDTH="21" VPOS="2232" HPOS="401"/><String WC="0.7860000134" CONTENT="Datum" HEIGHT="23" WIDTH="106" VPOS="2232" HPOS="423"/><SP WIDTH="23" VPOS="2239" HPOS="530"/><String WC="0.8274999857" CONTENT="1515" HEIGHT="23" WIDTH="65" VPOS="2238" HPOS="554"/><SP WIDTH="22" VPOS="2238" HPOS="620"/><String WC="0.7950000167" CONTENT="später" HEIGHT="30" WIDTH="93" VPOS="2231" HPOS="643"/><SP WIDTH="14" VPOS="2230" HPOS="737"/><String WC="0.7049999833" CONTENT="in" HEIGHT="23" WIDTH="30" VPOS="2230" HPOS="752"/><SP WIDTH="18" VPOS="2237" HPOS="783"/><String WC="0.5224999785" CONTENT="1518" HEIGHT="30" WIDTH="65" VPOS="2229" HPOS="802"/><SP WIDTH="17" VPOS="2229" HPOS="868"/><String WC="0.8410000205" CONTENT="verändert." HEIGHT="24" WIDTH="156" VPOS="2226" HPOS="886"/><SP WIDTH="18" VPOS="2226" HPOS="1043"/><String WC="0.5885714293" CONTENT="Bartsch" HEIGHT="24" WIDTH="119" VPOS="2224" HPOS="1062"/><SP WIDTH="18" VPOS="2224" HPOS="1182"/><String WC="0.8224999905" CONTENT="317:" HEIGHT="24" WIDTH="62" VPOS="2231" HPOS="1201"/><SP WIDTH="19" VPOS="2231" HPOS="1264"/><String WC="0.7319999933" CONTENT="„Nach" HEIGHT="26" WIDTH="97" VPOS="2225" HPOS="1284"/><SP WIDTH="16" VPOS="2225" HPOS="1382"/><String WC="0.6541666389" CONTENT="Bandinelli?&quot;" HEIGHT="25" WIDTH="194" VPOS="2223" HPOS="1399"/></TextLine>
<TextLine HEIGHT="39" WIDTH="1376" VPOS="2257" HPOS="218"><String WC="0.7850000262" CONTENT="In" HEIGHT="22" WIDTH="34" VPOS="2269" HPOS="218"/><SP WIDTH="13" VPOS="2268" HPOS="253"/><String WC="0.8414285779" CONTENT="Vasaris" HEIGHT="25" WIDTH="111" VPOS="2266" HPOS="267"/><SP WIDTH="12" VPOS="2267" HPOS="379"/><String WC="0.9925000072" CONTENT="Vita" HEIGHT="23" WIDTH="66" VPOS="2267" HPOS="392"/><SP WIDTH="12" VPOS="2268" HPOS="459"/><String WC="0.7063636184" CONTENT="Bandinellis" HEIGHT="24" WIDTH="171" VPOS="2266" HPOS="472"/><SP WIDTH="12" VPOS="2267" HPOS="644"/><String WC="0.8033333421" CONTENT="ist" HEIGHT="22" WIDTH="36" VPOS="2267" HPOS="657"/><SP WIDTH="12" VPOS="2268" HPOS="694"/><String WC="0.4850000143" CONTENT="wohl" HEIGHT="23" WIDTH="73" VPOS="2266" HPOS="707"/><SP WIDTH="12" VPOS="2266" HPOS="781"/><String WC="0.6866666675" CONTENT="von" HEIGHT="15" WIDTH="56" VPOS="2273" HPOS="794"/><SP WIDTH="13" VPOS="2271" HPOS="851"/><String WC="0.6800000072" CONTENT="anderen" HEIGHT="23" WIDTH="121" VPOS="2263" HPOS="865"/><SP WIDTH="14" VPOS="2262" HPOS="987"/><String WC="0.8457142711" CONTENT="Stichen" HEIGHT="24" WIDTH="114" VPOS="2260" HPOS="1002"/><SP WIDTH="13" VPOS="2260" HPOS="1117"/><String WC="0.8077777624" CONTENT="Agostiuos" HEIGHT="29" WIDTH="148" VPOS="2260" HPOS="1131"/><SP WIDTH="13" VPOS="2268" HPOS="1280"/><String WC="0.7275000215" CONTENT="nach" HEIGHT="22" WIDTH="71" VPOS="2261" HPOS="1294"/><SP WIDTH="12" VPOS="2260" HPOS="1366"/><String WC="0.6100000143" CONTENT="ihm" HEIGHT="23" WIDTH="58" VPOS="2259" HPOS="1379"/><SP WIDTH="12" VPOS="2260" HPOS="1438"/><String WC="1." CONTENT="die" HEIGHT="23" WIDTH="44" VPOS="2259" HPOS="1451"/><SP WIDTH="13" VPOS="2260" HPOS="1496"/><String WC="0.9160000086" CONTENT="Rede," HEIGHT="28" WIDTH="84" VPOS="2258" HPOS="1510"/></TextLine>
<TextLine HEIGHT="41" WIDTH="1378" VPOS="2292" HPOS="218"><String WC="0.6919999719" CONTENT="nicht" HEIGHT="23" WIDTH="79" VPOS="2304" HPOS="218"/><SP WIDTH="10" VPOS="2305" HPOS="298"/><String WC="0.6175000072" CONTENT="aber" HEIGHT="24" WIDTH="66" VPOS="2302" HPOS="309"/><SP WIDTH="9" VPOS="2309" HPOS="376"/><String WC="0.7766666412" CONTENT="von" HEIGHT="16" WIDTH="56" VPOS="2309" HPOS="386"/><SP WIDTH="9" VPOS="2303" HPOS="443"/><String WC="0.9642857313" CONTENT="diesem." HEIGHT="22" WIDTH="110" VPOS="2303" HPOS="453"/><SP WIDTH="12" VPOS="2303" HPOS="564"/><String WC="0.6633333564" CONTENT="Der" HEIGHT="23" WIDTH="55" VPOS="2302" HPOS="577"/><SP WIDTH="9" VPOS="2303" HPOS="633"/><String WC="0.8783333302" CONTENT="Angabe" HEIGHT="29" WIDTH="115" VPOS="2302" HPOS="643"/><SP WIDTH="10" VPOS="2303" HPOS="759"/><String WC="0.8012499809" CONTENT="Bartschs" HEIGHT="25" WIDTH="132" VPOS="2299" HPOS="770"/><SP WIDTH="8" VPOS="2299" HPOS="903"/><String WC="0.8679999709" CONTENT="liegt" HEIGHT="30" WIDTH="67" VPOS="2298" HPOS="912"/><SP WIDTH="9" VPOS="2299" HPOS="980"/><String WC="0.8259999752" CONTENT="vielleicht" HEIGHT="25" WIDTH="141" VPOS="2295" HPOS="990"/><SP WIDTH="9" VPOS="2296" HPOS="1132"/><String WC="0.8642857075" CONTENT="dennoch" HEIGHT="22" WIDTH="127" VPOS="2296" HPOS="1142"/><SP WIDTH="9" VPOS="2296" HPOS="1270"/><String WC="0.9900000095" CONTENT="mehr" HEIGHT="21" WIDTH="77" VPOS="2297" HPOS="1280"/><SP WIDTH="9" VPOS="2302" HPOS="1358"/><String WC="0.5866666436" CONTENT="als" HEIGHT="23" WIDTH="40" VPOS="2295" HPOS="1368"/><SP WIDTH="10" VPOS="2295" HPOS="1409"/><String WC="0.8733333349" CONTENT="die" HEIGHT="23" WIDTH="44" VPOS="2294" HPOS="1420"/><SP WIDTH="8" VPOS="2294" HPOS="1465"/><String WC="0.7337499857" CONTENT="lebhafte" HEIGHT="24" WIDTH="122" VPOS="2293" HPOS="1474"/></TextLine>
<TextLine HEIGHT="41" WIDTH="1378" VPOS="2328" HPOS="219"><String WC="0.7789999843" CONTENT="Empfindung" HEIGHT="33" WIDTH="192" VPOS="2336" HPOS="220"/><SP WIDTH="12" VPOS="2337" HPOS="413"/><String WC="0.8000000119" CONTENT="der" HEIGHT="24" WIDTH="48" VPOS="2337" HPOS="426"/><SP WIDTH="10" VPOS="2345" HPOS="475"/><String WC="0.8654545546" CONTENT="plastischen" HEIGHT="31" WIDTH="168" VPOS="2337" HPOS="486"/><SP WIDTH="12" VPOS="2338" HPOS="655"/><String WC="0.7671428323" CONTENT="Haltung" HEIGHT="29" WIDTH="126" VPOS="2337" HPOS="668"/><SP WIDTH="12" VPOS="2337" HPOS="795"/><String WC="0.7400000095" CONTENT="der" HEIGHT="23" WIDTH="48" VPOS="2337" HPOS="808"/><SP WIDTH="13" VPOS="2335" HPOS="857"/><String WC="0.8116666675" CONTENT="Gruppe" HEIGHT="30" WIDTH="113" VPOS="2334" HPOS="871"/><SP WIDTH="12" VPOS="2340" HPOS="985"/><String WC="0.6888889074" CONTENT="zugrunde." HEIGHT="30" WIDTH="149" VPOS="2331" HPOS="998"/><SP WIDTH="14" VPOS="2331" HPOS="1148"/><String WC="0.8349999785" CONTENT="Nach" HEIGHT="22" WIDTH="79" VPOS="2331" HPOS="1163"/><SP WIDTH="12" VPOS="2332" HPOS="1243"/><String WC="0.8650000095" CONTENT="mündlicher" HEIGHT="25" WIDTH="171" VPOS="2329" HPOS="1256"/><SP WIDTH="11" VPOS="2330" HPOS="1428"/><String WC="0.7919999957" CONTENT="Mitteilung" HEIGHT="31" WIDTH="158" VPOS="2328" HPOS="1439"/></TextLine>
<TextLine HEIGHT="41" WIDTH="1378" VPOS="2363" HPOS="220"><String WC="0.6566666961" CONTENT="von" HEIGHT="15" WIDTH="57" VPOS="2382" HPOS="220"/><SP WIDTH="15" VPOS="2375" HPOS="278"/><String WC="1." CONTENT="F." HEIGHT="21" WIDTH="30" VPOS="2375" HPOS="294"/><SP WIDTH="13" VPOS="2374" HPOS="325"/><String WC="0.6633333564" CONTENT="Kriegbaum" HEIGHT="32" WIDTH="169" VPOS="2372" HPOS="339"/><SP WIDTH="13" VPOS="2374" HPOS="509"/><String WC="0.7099999785" CONTENT="ist" HEIGHT="22" WIDTH="37" VPOS="2374" HPOS="523"/><SP WIDTH="14" VPOS="2374" HPOS="561"/><String WC="0.8100000024" CONTENT="die" HEIGHT="24" WIDTH="45" VPOS="2372" HPOS="576"/><SP WIDTH="14" VPOS="2373" HPOS="622"/><String WC="0.7627272606" CONTENT="Autorschaft" HEIGHT="23" WIDTH="181" VPOS="2372" HPOS="637"/><SP WIDTH="15" VPOS="2372" HPOS="819"/><String WC="0.7627272606" CONTENT="Bandinellis" HEIGHT="26" WIDTH="172" VPOS="2368" HPOS="835"/><SP WIDTH="14" VPOS="2375" HPOS="1008"/><String WC="0.9049999714" CONTENT="an" HEIGHT="15" WIDTH="36" VPOS="2375" HPOS="1023"/><SP WIDTH="15" VPOS="2367" HPOS="1060"/><String WC="0.8033333421" CONTENT="dieser" HEIGHT="24" WIDTH="88" VPOS="2366" HPOS="1076"/><SP WIDTH="17" VPOS="2366" HPOS="1165"/><String WC="0.8249999881" CONTENT="Gruppe" HEIGHT="30" WIDTH="112" VPOS="2366" HPOS="1183"/><SP WIDTH="15" VPOS="2374" HPOS="1296"/><String WC="0.8349999785" CONTENT="um" HEIGHT="16" WIDTH="47" VPOS="2373" HPOS="1312"/><SP WIDTH="17" VPOS="2372" HPOS="1360"/><String WC="0.4925000072" CONTENT="1515" HEIGHT="23" WIDTH="64" VPOS="2371" HPOS="1378"/><SP WIDTH="17" VPOS="2365" HPOS="1443"/><String WC="0.5874999762" CONTENT="durchaus" HEIGHT="23" WIDTH="137" VPOS="2364" HPOS="1461"/></TextLine>
<TextLine HEIGHT="41" WIDTH="1377" VPOS="2398" HPOS="221"><String WC="0.8475000262" CONTENT="denkbar." HEIGHT="24" WIDTH="133" VPOS="2409" HPOS="221"/><SP WIDTH="23" VPOS="2421" HPOS="355"/><String WC="1." CONTENT="—" HEIGHT="3" WIDTH="35" VPOS="2421" HPOS="379"/><SP WIDTH="21" VPOS="2408" HPOS="415"/><String WC="1." CONTENT="Die" HEIGHT="22" WIDTH="52" VPOS="2409" HPOS="437"/><SP WIDTH="21" VPOS="2409" HPOS="490"/><String WC="0.7294117808" CONTENT="Zueinanderwendung" HEIGHT="30" WIDTH="307" VPOS="2408" HPOS="512"/><SP WIDTH="22" VPOS="2407" HPOS="820"/><String WC="0.7766666412" CONTENT="der" HEIGHT="23" WIDTH="47" VPOS="2406" HPOS="843"/><SP WIDTH="21" VPOS="2406" HPOS="891"/><String WC="0.896666646" CONTENT="beiden" HEIGHT="25" WIDTH="100" VPOS="2403" HPOS="913"/><SP WIDTH="20" VPOS="2402" HPOS="1014"/><String WC="0.6299999952" CONTENT="in" HEIGHT="23" WIDTH="29" VPOS="2402" HPOS="1035"/><SP WIDTH="22" VPOS="2409" HPOS="1065"/><String WC="0.7528571486" CONTENT="gruppenmäßiger" HEIGHT="30" WIDTH="249" VPOS="2402" HPOS="1088"/><SP WIDTH="22" VPOS="2401" HPOS="1338"/><String WC="0.6679999828" CONTENT="Geschlossenheit" HEIGHT="24" WIDTH="237" VPOS="2399" HPOS="1361"/></TextLine>
<TextLine HEIGHT="34" WIDTH="1378" VPOS="2434" HPOS="221"><String WC="0.7966666818" CONTENT="taucht" HEIGHT="22" WIDTH="100" VPOS="2446" HPOS="221"/><SP WIDTH="21" VPOS="2447" HPOS="322"/><String WC="0.8139130473" CONTENT="charakteristischerweise" HEIGHT="27" WIDTH="352" VPOS="2441" HPOS="344"/><SP WIDTH="21" VPOS="2443" HPOS="697"/><String WC="0.6200000048" CONTENT="im" HEIGHT="22" WIDTH="38" VPOS="2443" HPOS="719"/><SP WIDTH="20" VPOS="2450" HPOS="758"/><String WC="0.7291666865" CONTENT="romantischen" HEIGHT="26" WIDTH="206" VPOS="2439" HPOS="779"/><SP WIDTH="22" VPOS="2438" HPOS="986"/><String WC="0.8241666555" CONTENT="Klassizismus" HEIGHT="24" WIDTH="195" VPOS="2437" HPOS="1009"/><SP WIDTH="21" VPOS="2437" HPOS="1205"/><String WC="0.800909102" CONTENT="Frankreichs" HEIGHT="25" WIDTH="180" VPOS="2435" HPOS="1227"/><SP WIDTH="21" VPOS="2442" HPOS="1408"/><String WC="0.5233333111" CONTENT="wieder" HEIGHT="23" WIDTH="98" VPOS="2434" HPOS="1430"/><SP WIDTH="21" VPOS="2441" HPOS="1529"/><String WC="0.6133333445" CONTENT="auf" HEIGHT="23" WIDTH="48" VPOS="2434" HPOS="1551"/></TextLine>
<TextLine HEIGHT="42" WIDTH="1376" VPOS="2469" HPOS="223"><String WC="0.7850000262" CONTENT="(schönes" HEIGHT="30" WIDTH="126" VPOS="2481" HPOS="223"/><SP WIDTH="15" VPOS="2479" HPOS="350"/><String WC="0.8450000286" CONTENT="Bild" HEIGHT="24" WIDTH="63" VPOS="2478" HPOS="366"/><SP WIDTH="14" VPOS="2479" HPOS="430"/><String WC="0.6927272677" CONTENT="Chass^riaus" HEIGHT="23" WIDTH="176" VPOS="2478" HPOS="445"/><SP WIDTH="12" VPOS="2477" HPOS="622"/><String WC="0.9649999738" CONTENT="in" HEIGHT="23" WIDTH="29" VPOS="2477" HPOS="635"/><SP WIDTH="14" VPOS="2478" HPOS="665"/><String WC="1." CONTENT="der" HEIGHT="23" WIDTH="47" VPOS="2478" HPOS="680"/><SP WIDTH="16" VPOS="2479" HPOS="728"/><String WC="0.6875" CONTENT="Sammlung" HEIGHT="30" WIDTH="162" VPOS="2476" HPOS="745"/><SP WIDTH="13" VPOS="2475" HPOS="908"/><String WC="0.6818181872" CONTENT="Chassüriau," HEIGHT="28" WIDTH="170" VPOS="2473" HPOS="922"/><SP WIDTH="16" VPOS="2474" HPOS="1093"/><String WC="0.8500000238" CONTENT="Abb." HEIGHT="23" WIDTH="72" VPOS="2472" HPOS="1110"/><SP WIDTH="15" VPOS="2473" HPOS="1183"/><String WC="0.6349999905" CONTENT="in" HEIGHT="21" WIDTH="29" VPOS="2473" HPOS="1199"/><SP WIDTH="13" VPOS="2473" HPOS="1229"/><String WC="0.7337499857" CONTENT="Bulletin" HEIGHT="25" WIDTH="123" VPOS="2470" HPOS="1243"/><SP WIDTH="13" VPOS="2471" HPOS="1367"/><String WC="0.7666666508" CONTENT="des" HEIGHT="22" WIDTH="48" VPOS="2471" HPOS="1381"/><SP WIDTH="14" VPOS="2477" HPOS="1430"/><String WC="0.4550000131" CONTENT="mus£es" HEIGHT="24" WIDTH="105" VPOS="2469" HPOS="1445"/><SP WIDTH="13" VPOS="2470" HPOS="1551"/><String WC="0.7950000167" CONTENT="de" HEIGHT="22" WIDTH="34" VPOS="2470" HPOS="1565"/></TextLine>
<TextLine HEIGHT="40" WIDTH="1239" VPOS="2505" HPOS="222"><String WC="0.6999999881" CONTENT="France" HEIGHT="22" WIDTH="105" VPOS="2517" HPOS="222"/><SP WIDTH="10" VPOS="2516" HPOS="328"/><String WC="0.9700000286" CONTENT="II," HEIGHT="28" WIDTH="38" VPOS="2514" HPOS="339"/><SP WIDTH="20" VPOS="2521" HPOS="378"/><String WC="0.773999989" CONTENT="1930," HEIGHT="23" WIDTH="75" VPOS="2520" HPOS="399"/><SP WIDTH="20" VPOS="2521" HPOS="475"/><String WC="0.7950000167" CONTENT="107," HEIGHT="23" WIDTH="57" VPOS="2520" HPOS="496"/><SP WIDTH="18" VPOS="2521" HPOS="554"/><String WC="0.7733333111" CONTENT="mit" HEIGHT="23" WIDTH="51" VPOS="2513" HPOS="573"/><SP WIDTH="15" VPOS="2514" HPOS="625"/><String WC="0.7459999919" CONTENT="einem" HEIGHT="22" WIDTH="90" VPOS="2513" HPOS="641"/><SP WIDTH="15" VPOS="2514" HPOS="732"/><String WC="0.8199999928" CONTENT="knieend" HEIGHT="25" WIDTH="119" VPOS="2511" HPOS="748"/><SP WIDTH="17" VPOS="2511" HPOS="868"/><String WC="0.6028571725" CONTENT="Daphnes" HEIGHT="32" WIDTH="132" VPOS="2509" HPOS="886"/><SP WIDTH="15" VPOS="2509" HPOS="1019"/><String WC="0.9950000048" CONTENT="Leib" HEIGHT="23" WIDTH="68" VPOS="2508" HPOS="1035"/><SP WIDTH="15" VPOS="2507" HPOS="1104"/><String WC="0.7990909219" CONTENT="umfassenden" HEIGHT="22" WIDTH="194" VPOS="2507" HPOS="1121"/><SP WIDTH="17" VPOS="2507" HPOS="1316"/><String WC="0.7822222114" CONTENT="Apollo.)." HEIGHT="31" WIDTH="127" VPOS="2505" HPOS="1334"/></TextLine>
<TextLine HEIGHT="43" WIDTH="1274" VPOS="2538" HPOS="305"><String WC="1." CONTENT="3)" HEIGHT="29" WIDTH="24" VPOS="2552" HPOS="305"/><SP WIDTH="14" VPOS="2552" HPOS="330"/><String WC="0.7574999928" CONTENT="Venturi," HEIGHT="28" WIDTH="125" VPOS="2549" HPOS="345"/><SP WIDTH="15" VPOS="2550" HPOS="471"/><String WC="0.8949999809" CONTENT="Storia" HEIGHT="23" WIDTH="90" VPOS="2549" HPOS="487"/><SP WIDTH="10" VPOS="2549" HPOS="578"/><String WC="1." CONTENT="I," HEIGHT="26" WIDTH="21" VPOS="2549" HPOS="589"/><SP WIDTH="12" VPOS="2555" HPOS="611"/><String WC="0.6050000191" CONTENT="399;" HEIGHT="22" WIDTH="62" VPOS="2555" HPOS="624"/><SP WIDTH="13" VPOS="2549" HPOS="687"/><String WC="0.7576470375" CONTENT="Poglayen-Neuwall," HEIGHT="34" WIDTH="285" VPOS="2545" HPOS="701"/><SP WIDTH="12" VPOS="2544" HPOS="987"/><String WC="0.6600000262" CONTENT="Monatsh." HEIGHT="23" WIDTH="140" VPOS="2543" HPOS="1000"/><SP WIDTH="12" VPOS="2542" HPOS="1141"/><String WC="0.6600000262" CONTENT="f." HEIGHT="22" WIDTH="19" VPOS="2542" HPOS="1154"/><SP WIDTH="15" VPOS="2543" HPOS="1174"/><String WC="1." CONTENT="Kw." HEIGHT="22" WIDTH="59" VPOS="2543" HPOS="1190"/><SP WIDTH="16" VPOS="2549" HPOS="1250"/><String WC="0.7659999728" CONTENT="1921," HEIGHT="22" WIDTH="73" VPOS="2548" HPOS="1267"/><SP WIDTH="16" VPOS="2548" HPOS="1341"/><String WC="0.7200000286" CONTENT="178," HEIGHT="30" WIDTH="57" VPOS="2541" HPOS="1358"/><SP WIDTH="12" VPOS="2540" HPOS="1416"/><String WC="0.8324999809" CONTENT="Taf." HEIGHT="24" WIDTH="59" VPOS="2539" HPOS="1429"/><SP WIDTH="12" VPOS="2547" HPOS="1489"/><String WC="0.5766666532" CONTENT="23," HEIGHT="22" WIDTH="41" VPOS="2547" HPOS="1502"/><SP WIDTH="11" VPOS="2547" HPOS="1544"/><String WC="1." CONTENT="3." HEIGHT="24" WIDTH="23" VPOS="2546" HPOS="1556"/></TextLine>
</TextBlock><GraphicalElement ID="Page1_Block7" HEIGHT="5" WIDTH="208" VPOS="1988" HPOS="215"/>
</PrintSpace>
</Page>
</Layout>
</alto>