<?xml version="1.0" encoding="UTF-8" standalone="yes"?>
<alto xmlns="http://www.loc.gov/standards/alto/ns-v2#" xmlns:xlink="http://www.w3.org/1999/xlink" xmlns:xsi="http://www.w3.org/2001/XMLSchema-instance" xsi:schemaLocation="http://www.loc.gov/standards/alto/ns-v2# http://www.loc.gov/standards/alto/alto-v2.0.xsd">
<Description>
<MeasurementUnit>pixel</MeasurementUnit>
<OCRProcessing ID="IdOcr"><ocrProcessingStep><processingDateTime>2018-03-22</processingDateTime><processingSoftware><softwareCreator>ABBYY</softwareCreator><softwareName>ABBYY FineReader Engine</softwareName><softwareVersion>11</softwareVersion></processingSoftware></ocrProcessingStep></OCRProcessing>
</Description>
<Styles>
</Styles>
<Layout>
<Page ID="Page1" PHYSICAL_IMG_NR="1" HEIGHT="3159" WIDTH="2464">
<TopMargin HEIGHT="361" WIDTH="2464" VPOS="0" HPOS="0">
</TopMargin>
<LeftMargin HEIGHT="2263" WIDTH="185" VPOS="361" HPOS="0">
</LeftMargin>
<RightMargin HEIGHT="2263" WIDTH="883" VPOS="361" HPOS="1581">
</RightMargin>
<BottomMargin HEIGHT="535" WIDTH="2464" VPOS="2624" HPOS="0">
</BottomMargin>
<PrintSpace HEIGHT="2263" WIDTH="1396" VPOS="361" HPOS="185">
<TextBlock ID="Page1_Block1" HEIGHT="44" WIDTH="54" VPOS="361" HPOS="1516" language="de"><Shape><Polygon POINTS="1532,373 1586,373 1586,417 1532,417 1532,373"/></Shape>
<TextLine HEIGHT="31" WIDTH="41" VPOS="368" HPOS="1523"><String WC="1." CONTENT="49" HEIGHT="31" WIDTH="41" VPOS="368" HPOS="1523"/></TextLine>
</TextBlock>
<TextBlock ID="Page1_Block2" HEIGHT="554" WIDTH="1392" VPOS="365" HPOS="185" language="de"><Shape><Polygon POINTS="202,374 590,374 590,434 1591,434 1591,927 202,927 202,374"/></Shape>
<TextLine HEIGHT="36" WIDTH="373" VPOS="370" HPOS="194"><String WC="0.6110000014" CONTENT="Skulpturen" HEIGHT="32" WIDTH="162" VPOS="374" HPOS="194"/><SP WIDTH="12" VPOS="381" HPOS="357"/><String WC="0.7900000215" CONTENT="nach" HEIGHT="23" WIDTH="67" VPOS="373" HPOS="370"/><SP WIDTH="15" VPOS="372" HPOS="438"/><String WC="0.8757143021" CONTENT="Bernini" HEIGHT="23" WIDTH="113" VPOS="372" HPOS="454"/></TextLine>
<TextLine HEIGHT="50" WIDTH="1374" VPOS="424" HPOS="193"><String WC="1." CONTENT="zwischen" HEIGHT="30" WIDTH="155" VPOS="436" HPOS="193"/><SP WIDTH="21" VPOS="435" HPOS="349"/><String WC="0.9533333182" CONTENT="die" HEIGHT="29" WIDTH="51" VPOS="435" HPOS="371"/><SP WIDTH="20" VPOS="436" HPOS="423"/><String WC="0.7816666961" CONTENT="beiden" HEIGHT="30" WIDTH="114" VPOS="434" HPOS="444"/><SP WIDTH="21" VPOS="444" HPOS="559"/><String WC="0.9142857194" CONTENT="anderen" HEIGHT="29" WIDTH="137" VPOS="433" HPOS="581"/><SP WIDTH="21" VPOS="442" HPOS="719"/><String WC="1." CONTENT="ein" HEIGHT="29" WIDTH="50" VPOS="432" HPOS="741"/><SP WIDTH="21" VPOS="442" HPOS="792"/><String WC="0.9233333468" CONTENT="und" HEIGHT="31" WIDTH="65" VPOS="430" HPOS="814"/><SP WIDTH="17" VPOS="431" HPOS="880"/><String WC="0.8849999905" CONTENT="stellt" HEIGHT="29" WIDTH="86" VPOS="430" HPOS="898"/><SP WIDTH="16" VPOS="430" HPOS="985"/><String WC="0.9359999895" CONTENT="damit" HEIGHT="30" WIDTH="101" VPOS="429" HPOS="1002"/><SP WIDTH="15" VPOS="433" HPOS="1104"/><String WC="0.9100000262" CONTENT="eine" HEIGHT="30" WIDTH="68" VPOS="429" HPOS="1120"/><SP WIDTH="15" VPOS="431" HPOS="1189"/><String WC="0.9166666865" CONTENT="Art" HEIGHT="30" WIDTH="59" VPOS="430" HPOS="1205"/><SP WIDTH="15" VPOS="434" HPOS="1265"/><String WC="0.9036363363" CONTENT="plastischen" HEIGHT="39" WIDTH="191" VPOS="429" HPOS="1281"/><SP WIDTH="16" VPOS="430" HPOS="1473"/><String WC="1." CONTENT="Vor" HEIGHT="28" WIDTH="63" VPOS="430" HPOS="1490" SUBS_TYPE="HypPart1" SUBS_CONTENT="Vorläufer"/><HYP CONTENT="­"/></TextLine>
<TextLine HEIGHT="53" WIDTH="1378" VPOS="467" HPOS="190"><String WC="0.9633333087" CONTENT="läufer" HEIGHT="29" WIDTH="104" VPOS="480" HPOS="190" SUBS_TYPE="HypPart2" SUBS_CONTENT="Vorläufer"/><SP WIDTH="22" VPOS="480" HPOS="295"/><String WC="0.9233333468" CONTENT="der" HEIGHT="27" WIDTH="56" VPOS="481" HPOS="318"/><SP WIDTH="22" VPOS="480" HPOS="375"/><String WC="0.9145454764" CONTENT="Komposition" HEIGHT="39" WIDTH="224" VPOS="478" HPOS="398"/><SP WIDTH="19" VPOS="478" HPOS="623"/><String WC="0.9762499928" CONTENT="Bouchers" HEIGHT="31" WIDTH="160" VPOS="475" HPOS="643"/><SP WIDTH="21" VPOS="475" HPOS="804"/><String WC="1." CONTENT="dar" HEIGHT="30" WIDTH="57" VPOS="474" HPOS="826"/><SP WIDTH="18" VPOS="474" HPOS="884"/><String WC="0.75" CONTENT="(Abb." HEIGHT="38" WIDTH="92" VPOS="473" HPOS="903"/><SP WIDTH="12" VPOS="482" HPOS="996"/><String WC="0.9900000095" CONTENT="36)," HEIGHT="39" WIDTH="61" VPOS="472" HPOS="1009"/><SP WIDTH="24" VPOS="473" HPOS="1071"/><String WC="0.9860000014" CONTENT="deren" HEIGHT="30" WIDTH="95" VPOS="472" HPOS="1096"/><SP WIDTH="22" VPOS="474" HPOS="1192"/><String WC="0.9866666794" CONTENT="innere" HEIGHT="30" WIDTH="107" VPOS="473" HPOS="1215"/><SP WIDTH="18" VPOS="475" HPOS="1323"/><String WC="0.9200000167" CONTENT="Energie" HEIGHT="39" WIDTH="133" VPOS="473" HPOS="1342"/><SP WIDTH="24" VPOS="483" HPOS="1476"/><String WC="0.6166666746" CONTENT="und" HEIGHT="27" WIDTH="66" VPOS="474" HPOS="1501"/></TextLine>
<TextLine HEIGHT="54" WIDTH="1377" VPOS="511" HPOS="192"><String WC="0.7099999785" CONTENT="logische" HEIGHT="40" WIDTH="138" VPOS="523" HPOS="193"/><SP WIDTH="12" VPOS="524" HPOS="332"/><String WC="0.9809091091" CONTENT="Verknüpfung" HEIGHT="39" WIDTH="231" VPOS="522" HPOS="345"/><SP WIDTH="16" VPOS="531" HPOS="577"/><String WC="0.8866666555" CONTENT="sie" HEIGHT="28" WIDTH="44" VPOS="521" HPOS="594"/><SP WIDTH="18" VPOS="519" HPOS="639"/><String WC="0.8475000262" CONTENT="freilich" HEIGHT="30" WIDTH="121" VPOS="518" HPOS="658"/><SP WIDTH="18" VPOS="519" HPOS="780"/><String WC="0.8080000281" CONTENT="nicht" HEIGHT="30" WIDTH="87" VPOS="518" HPOS="799"/><SP WIDTH="19" VPOS="520" HPOS="887"/><String WC="0.9608333111" CONTENT="vorwegnimmt." HEIGHT="39" WIDTH="251" VPOS="516" HPOS="907"/><SP WIDTH="20" VPOS="517" HPOS="1159"/><String WC="0.7666666508" CONTENT="Die" HEIGHT="30" WIDTH="59" VPOS="516" HPOS="1180"/><SP WIDTH="16" VPOS="517" HPOS="1240"/><String WC="0.8849999905" CONTENT="impressionistische" HEIGHT="39" WIDTH="312" VPOS="515" HPOS="1257"/></TextLine>
<TextLine HEIGHT="55" WIDTH="1372" VPOS="554" HPOS="197"><String WC="0.8149999976" CONTENT="Skulptur" HEIGHT="39" WIDTH="158" VPOS="567" HPOS="197"/><SP WIDTH="22" VPOS="568" HPOS="356"/><String WC="0.9300000072" CONTENT="der" HEIGHT="28" WIDTH="55" VPOS="567" HPOS="379"/><SP WIDTH="17" VPOS="566" HPOS="435"/><String WC="0.9514285922" CONTENT="Moderne" HEIGHT="29" WIDTH="147" VPOS="565" HPOS="453"/><SP WIDTH="22" VPOS="564" HPOS="601"/><String WC="1." CONTENT="hat" HEIGHT="28" WIDTH="56" VPOS="563" HPOS="624"/><SP WIDTH="24" VPOS="565" HPOS="681"/><String WC="0.9725000262" CONTENT="sich" HEIGHT="29" WIDTH="65" VPOS="562" HPOS="706"/><SP WIDTH="25" VPOS="562" HPOS="772"/><String WC="0.9966666698" CONTENT="der" HEIGHT="30" WIDTH="55" VPOS="561" HPOS="798"/><SP WIDTH="17" VPOS="561" HPOS="854"/><String WC="0.8100000024" CONTENT="Fabel" HEIGHT="29" WIDTH="97" VPOS="561" HPOS="872"/><SP WIDTH="16" VPOS="561" HPOS="970"/><String WC="1." CONTENT="wieder" HEIGHT="29" WIDTH="115" VPOS="560" HPOS="987"/><SP WIDTH="16" VPOS="560" HPOS="1103"/><String WC="0.9010000229" CONTENT="bemächtigt" HEIGHT="40" WIDTH="197" VPOS="558" HPOS="1120"/><SP WIDTH="11" VPOS="564" HPOS="1318"/><String WC="1." CONTENT="—" HEIGHT="3" WIDTH="41" VPOS="578" HPOS="1330"/><SP WIDTH="11" VPOS="571" HPOS="1372"/><String WC="0.8119999766" CONTENT="unter" HEIGHT="27" WIDTH="92" VPOS="563" HPOS="1384"/><SP WIDTH="16" VPOS="561" HPOS="1477"/><String WC="1." CONTENT="Ver" HEIGHT="28" WIDTH="61" VPOS="561" HPOS="1494" SUBS_TYPE="HypPart1" SUBS_CONTENT="Verzicht"/><HYP CONTENT="­"/></TextLine>
<TextLine HEIGHT="53" WIDTH="1375" VPOS="598" HPOS="195"><String WC="1." CONTENT="zicht" HEIGHT="29" WIDTH="85" VPOS="611" HPOS="195" SUBS_TYPE="HypPart2" SUBS_CONTENT="Verzicht"/><SP WIDTH="17" VPOS="613" HPOS="281"/><String WC="1." CONTENT="auf" HEIGHT="30" WIDTH="57" VPOS="610" HPOS="299"/><SP WIDTH="15" VPOS="611" HPOS="357"/><String WC="1." CONTENT="das" HEIGHT="28" WIDTH="57" VPOS="611" HPOS="373"/><SP WIDTH="13" VPOS="611" HPOS="431"/><String WC="0.9476470351" CONTENT="Verfolgungsmotiv," HEIGHT="42" WIDTH="322" VPOS="606" HPOS="445"/><SP WIDTH="14" VPOS="615" HPOS="768"/><String WC="0.7850000262" CONTENT="aber" HEIGHT="30" WIDTH="76" VPOS="605" HPOS="783"/><SP WIDTH="16" VPOS="614" HPOS="860"/><String WC="0.8500000238" CONTENT="natürlich" HEIGHT="30" WIDTH="159" VPOS="603" HPOS="877"/><SP WIDTH="18" VPOS="604" HPOS="1037"/><String WC="1." CONTENT="mit" HEIGHT="28" WIDTH="59" VPOS="604" HPOS="1056"/><SP WIDTH="17" VPOS="607" HPOS="1116"/><String WC="1." CONTENT="um" HEIGHT="18" WIDTH="56" VPOS="613" HPOS="1134"/><SP WIDTH="16" VPOS="613" HPOS="1191"/><String WC="1." CONTENT="so" HEIGHT="20" WIDTH="34" VPOS="613" HPOS="1208"/><SP WIDTH="15" VPOS="614" HPOS="1243"/><String WC="0.9311110973" CONTENT="stärkerer" HEIGHT="27" WIDTH="158" VPOS="605" HPOS="1259"/><SP WIDTH="14" VPOS="604" HPOS="1418"/><String WC="0.9549999833" CONTENT="Heraus" HEIGHT="30" WIDTH="123" VPOS="603" HPOS="1433" SUBS_TYPE="HypPart1" SUBS_CONTENT="Herausarbeitung"/><HYP CONTENT="­"/></TextLine>
<TextLine HEIGHT="55" WIDTH="1374" VPOS="641" HPOS="194"><String WC="0.9777777791" CONTENT="arbeitung" HEIGHT="39" WIDTH="171" VPOS="654" HPOS="194" SUBS_TYPE="HypPart2" SUBS_CONTENT="Herausarbeitung"/><SP WIDTH="12" VPOS="655" HPOS="365"/><String WC="1." CONTENT="der" HEIGHT="28" WIDTH="56" VPOS="655" HPOS="377"/><SP WIDTH="13" VPOS="655" HPOS="433"/><String WC="0.9233333468" CONTENT="Verwandlung," HEIGHT="39" WIDTH="242" VPOS="651" HPOS="446"/><SP WIDTH="15" VPOS="650" HPOS="688"/><String WC="1." CONTENT="der" HEIGHT="28" WIDTH="56" VPOS="650" HPOS="703"/><SP WIDTH="11" VPOS="659" HPOS="759"/><String WC="1." CONTENT="sie" HEIGHT="29" WIDTH="45" VPOS="650" HPOS="771"/><SP WIDTH="12" VPOS="659" HPOS="816"/><String WC="1." CONTENT="neue" HEIGHT="21" WIDTH="80" VPOS="658" HPOS="829"/><SP WIDTH="19" VPOS="649" HPOS="910"/><String WC="1." CONTENT="bedeutende" HEIGHT="29" WIDTH="199" VPOS="648" HPOS="929"/><SP WIDTH="10" VPOS="647" HPOS="1128"/><String WC="0.8811110854" CONTENT="Wirkungen" HEIGHT="40" WIDTH="195" VPOS="646" HPOS="1138"/><SP WIDTH="19" VPOS="657" HPOS="1333"/><String WC="0.9390000105" CONTENT="abgewinnt." HEIGHT="39" WIDTH="188" VPOS="646" HPOS="1353"/><String STYLE="superscript" WC="0.6600000262" CONTENT="1" HEIGHT="17" WIDTH="12" VPOS="648" HPOS="1544"/><String WC="1." CONTENT=")" HEIGHT="38" WIDTH="10" VPOS="647" HPOS="1558"/></TextLine>
<TextLine HEIGHT="49" WIDTH="1374" VPOS="728" HPOS="195"><String WC="0.4975000024" CONTENT="lung" HEIGHT="30" WIDTH="68" VPOS="743" HPOS="195"/><SP WIDTH="14" VPOS="743" HPOS="264"/><String WC="0.6066666842" CONTENT="Dr." HEIGHT="23" WIDTH="47" VPOS="743" HPOS="279"/><SP WIDTH="11" VPOS="743" HPOS="327"/><String WC="1." CONTENT="H." HEIGHT="22" WIDTH="35" VPOS="743" HPOS="339"/><SP WIDTH="10" VPOS="742" HPOS="375"/><String WC="0.7533333302" CONTENT="Wendland," HEIGHT="28" WIDTH="162" VPOS="739" HPOS="386"/><SP WIDTH="15" VPOS="740" HPOS="549"/><String WC="0.6328571439" CONTENT="Lugano;" HEIGHT="29" WIDTH="126" VPOS="739" HPOS="565"/><SP WIDTH="16" VPOS="737" HPOS="692"/><String WC="0.7216666937" CONTENT="Berlin" HEIGHT="24" WIDTH="92" VPOS="736" HPOS="709"/><SP WIDTH="16" VPOS="744" HPOS="802"/><String WC="0.5500000119" CONTENT="1931," HEIGHT="24" WIDTH="74" VPOS="742" HPOS="819"/><SP WIDTH="15" VPOS="736" HPOS="894"/><String WC="0.6875" CONTENT="Tat." HEIGHT="22" WIDTH="59" VPOS="736" HPOS="910"/><SP WIDTH="11" VPOS="736" HPOS="970"/><String WC="0.7466666698" CONTENT="65," HEIGHT="28" WIDTH="42" VPOS="737" HPOS="982"/><SP WIDTH="15" VPOS="735" HPOS="1025"/><String WC="0.7566666603" CONTENT="Nr." HEIGHT="22" WIDTH="48" VPOS="735" HPOS="1041"/><SP WIDTH="11" VPOS="742" HPOS="1090"/><String WC="0.6433333158" CONTENT="307" HEIGHT="23" WIDTH="51" VPOS="741" HPOS="1102"/><SP WIDTH="16" VPOS="735" HPOS="1154"/><String WC="0.7049999833" CONTENT="(französisch" HEIGHT="32" WIDTH="178" VPOS="733" HPOS="1171"/><SP WIDTH="13" VPOS="735" HPOS="1350"/><String WC="0.7766666412" CONTENT="zweite" HEIGHT="23" WIDTH="95" VPOS="734" HPOS="1364"/><SP WIDTH="13" VPOS="735" HPOS="1460"/><String WC="0.6716666818" CONTENT="Hälfte" HEIGHT="23" WIDTH="95" VPOS="734" HPOS="1474"/></TextLine>
<TextLine HEIGHT="36" WIDTH="345" VPOS="772" HPOS="197"><String WC="0.8299999833" CONTENT="des" HEIGHT="22" WIDTH="48" VPOS="779" HPOS="197"/><SP WIDTH="19" VPOS="784" HPOS="246"/><String WC="0.5199999809" CONTENT="17." HEIGHT="22" WIDTH="39" VPOS="784" HPOS="266"/><SP WIDTH="14" VPOS="778" HPOS="306"/><String WC="0.7778571248" CONTENT="Jahrhunderts)." HEIGHT="34" WIDTH="221" VPOS="773" HPOS="321"/></TextLine>
<TextLine HEIGHT="46" WIDTH="1291" VPOS="798" HPOS="279"><String WC="0.5149999857" CONTENT="1)" HEIGHT="28" WIDTH="23" VPOS="812" HPOS="279"/><SP WIDTH="14" VPOS="812" HPOS="303"/><String WC="0.7179999948" CONTENT="Renöe" HEIGHT="22" WIDTH="90" VPOS="812" HPOS="318"/><SP WIDTH="21" VPOS="811" HPOS="409"/><String WC="0.8333333135" CONTENT="Sintenis," HEIGHT="28" WIDTH="128" VPOS="808" HPOS="431"/><SP WIDTH="22" VPOS="809" HPOS="560"/><String WC="0.7863636613" CONTENT="Kleinbronze" HEIGHT="24" WIDTH="183" VPOS="806" HPOS="583"/><SP WIDTH="17" VPOS="807" HPOS="767"/><String WC="1." CONTENT="in" HEIGHT="22" WIDTH="29" VPOS="807" HPOS="785"/><SP WIDTH="19" VPOS="806" HPOS="815"/><String WC="0.8642857075" CONTENT="Berlin," HEIGHT="28" WIDTH="101" VPOS="804" HPOS="835"/><SP WIDTH="16" VPOS="806" HPOS="937"/><String WC="0.9325000048" CONTENT="Abb." HEIGHT="24" WIDTH="71" VPOS="805" HPOS="954"/><SP WIDTH="11" VPOS="806" HPOS="1026"/><String WC="0.5749999881" CONTENT="63" HEIGHT="27" WIDTH="32" VPOS="806" HPOS="1038"/><SP WIDTH="17" VPOS="804" HPOS="1071"/><String WC="0.9133333564" CONTENT="(Cicerone" HEIGHT="32" WIDTH="141" VPOS="803" HPOS="1089"/><SP WIDTH="17" VPOS="811" HPOS="1231"/><String WC="0.5944444537" CONTENT="1924,307)" HEIGHT="29" WIDTH="146" VPOS="804" HPOS="1249"/><SP WIDTH="17" VPOS="804" HPOS="1396"/><String WC="0.6966666579" CONTENT="und" HEIGHT="23" WIDTH="56" VPOS="803" HPOS="1414"/><SP WIDTH="14" VPOS="803" HPOS="1471"/><String WC="0.7866666913" CONTENT="leicht" HEIGHT="22" WIDTH="84" VPOS="803" HPOS="1486"/></TextLine>
<TextLine HEIGHT="46" WIDTH="1371" VPOS="833" HPOS="197"><String WC="0.9720000029" CONTENT="veränderte" HEIGHT="25" WIDTH="163" VPOS="847" HPOS="197"/><SP WIDTH="11" VPOS="847" HPOS="361"/><String WC="0.7599999905" CONTENT="Gartenfigur" HEIGHT="30" WIDTH="178" VPOS="844" HPOS="373"/><SP WIDTH="8" VPOS="843" HPOS="552"/><String WC="0.75" CONTENT="im" HEIGHT="22" WIDTH="38" VPOS="843" HPOS="561"/><SP WIDTH="10" VPOS="844" HPOS="600"/><String WC="0.8224999905" CONTENT="Behnhaus" HEIGHT="24" WIDTH="150" VPOS="842" HPOS="611"/><SP WIDTH="8" VPOS="841" HPOS="762"/><String WC="1." CONTENT="in" HEIGHT="22" WIDTH="29" VPOS="842" HPOS="771"/><SP WIDTH="9" VPOS="842" HPOS="801"/><String WC="0.9399999976" CONTENT="Lübeck" HEIGHT="25" WIDTH="112" VPOS="840" HPOS="811"/><SP WIDTH="12" VPOS="841" HPOS="924"/><String WC="0.7699999809" CONTENT="(C." HEIGHT="30" WIDTH="38" VPOS="841" HPOS="937"/><SP WIDTH="12" VPOS="841" HPOS="976"/><String WC="0.8650000095" CONTENT="G." HEIGHT="22" WIDTH="32" VPOS="841" HPOS="989"/><SP WIDTH="11" VPOS="841" HPOS="1022"/><String WC="0.8700000048" CONTENT="Heise," HEIGHT="27" WIDTH="92" VPOS="840" HPOS="1034"/><SP WIDTH="13" VPOS="840" HPOS="1127"/><String WC="0.8740000129" CONTENT="Kunst" HEIGHT="24" WIDTH="93" VPOS="839" HPOS="1141"/><SP WIDTH="9" VPOS="841" HPOS="1235"/><String WC="0.8799999952" CONTENT="und" HEIGHT="22" WIDTH="57" VPOS="839" HPOS="1245"/><SP WIDTH="11" VPOS="839" HPOS="1303"/><String WC="0.9399999976" CONTENT="Künstler" HEIGHT="23" WIDTH="132" VPOS="838" HPOS="1315"/><SP WIDTH="10" VPOS="838" HPOS="1448"/><String WC="0.7139999866" CONTENT="XXIX," HEIGHT="26" WIDTH="109" VPOS="838" HPOS="1459"/></TextLine>
<TextLine HEIGHT="32" WIDTH="173" VPOS="880" HPOS="199"><String WC="0.7039999962" CONTENT="1930," HEIGHT="23" WIDTH="74" VPOS="888" HPOS="199"/><SP WIDTH="21" VPOS="888" HPOS="273"/><String WC="0.7850000262" CONTENT="72f*)*" HEIGHT="31" WIDTH="78" VPOS="880" HPOS="294"/></TextLine>
</TextBlock>
<ComposedBlock ID="Page1_Block3" HEIGHT="43" WIDTH="1118" VPOS="2581" HPOS="266" TYPE="container"><Shape><Polygon POINTS="277,2592 1394,2592 1394,2632 277,2632 277,2592"/></Shape>
<TextBlock ID="Page1_Block4" HEIGHT="40" WIDTH="669" VPOS="2584" HPOS="266" language="de"><Shape><Polygon POINTS="277,2595 946,2595 946,2632 277,2632 277,2595"/></Shape>
<TextLine HEIGHT="32" WIDTH="656" VPOS="2587" HPOS="272"><String WC="0.6971428394" CONTENT="Studien" HEIGHT="21" WIDTH="87" VPOS="2593" HPOS="272"/><SP WIDTH="12" VPOS="2595" HPOS="360"/><String WC="0.6333333254" CONTENT="der" HEIGHT="18" WIDTH="37" VPOS="2595" HPOS="373"/><SP WIDTH="13" VPOS="2595" HPOS="411"/><String WC="0.6970000267" CONTENT="Bibliothek" HEIGHT="20" WIDTH="119" VPOS="2593" HPOS="425"/><SP WIDTH="12" VPOS="2593" HPOS="545"/><String WC="0.6050000191" CONTENT="Warburg," HEIGHT="24" WIDTH="114" VPOS="2592" HPOS="558"/><SP WIDTH="11" VPOS="2598" HPOS="673"/><String WC="0.5333333611" CONTENT="23." HEIGHT="17" WIDTH="32" VPOS="2598" HPOS="685"/><SP WIDTH="9" VPOS="2592" HPOS="718"/><String WC="0.7639999986" CONTENT="Heft:" HEIGHT="20" WIDTH="61" VPOS="2591" HPOS="728"/><SP WIDTH="15" VPOS="2593" HPOS="790"/><String WC="0.75" CONTENT="Stechow" HEIGHT="21" WIDTH="122" VPOS="2591" HPOS="806"/></TextLine>
</TextBlock>
<TextBlock ID="Page1_Block5" HEIGHT="34" WIDTH="26" VPOS="2583" HPOS="1358" language="de">
<TextLine HEIGHT="21" WIDTH="13" VPOS="2589" HPOS="1364"><String WC="0.9200000167" CONTENT="4" HEIGHT="21" WIDTH="13" VPOS="2589" HPOS="1364"/></TextLine>
</TextBlock></ComposedBlock><GraphicalElement ID="Page1_Block6" HEIGHT="12" WIDTH="1368" VPOS="402" HPOS="196"/><GraphicalElement ID="Page1_Block7" HEIGHT="4" WIDTH="209" VPOS="712" HPOS="197"/>
</PrintSpace>
</Page>
</Layout>
</alto>