2409 3159
845 351 40 30 30

1152 353 194 22 Manierismus
1361 353 54 22 und
1432 353 117 23 Barock:
1563 353 51 22 Die
1628 353 237 27 ,,transitorische“
1878 354 107 30 Gruppe
2000 354 28 22 in
2042 355 44 21 der
2101 354 110 22 Malerei

846 415 120 30 Smiths
985 417 81 27 nach
1086 416 54 29 der
1159 416 136 37 Daphne
1314 416 81 28 sieht
1418 415 92 37 (Abb.
1524 416 50 37 32)
1595 433 40 2 —
1653 416 47 28 als
1717 416 88 28 recht
1825 417 203 27 verwässerte
2050 416 133 38 Kopien.
2187 417 10 16 1
2201 416 9 37 )

843 459 126 28 Ebenso
992 460 42 28 ist
1059 459 68 30 eine
1152 460 142 28 kürzlich
1318 460 234 36 aufgetauchte,
1579 460 72 27 dem
1677 460 129 27 Rubens
1831 458 259 38 zugeschriebene
2115 461 83 27 Farb­

842 503 102 28 skizze
951 502 12 16 2
964 503 9 37 )
996 503 92 37 (Abb.
1102 502 50 38 31)
1171 504 69 28 eine
1257 504 64 28 fast
1339 506 126 34 getreue
1485 503 102 37 Kopie
1606 503 162 28 derselben
1787 502 239 38 Komposition;
2044 504 99 28 wobei
2160 504 52 27 für

842 547 50 28 die
912 547 186 28 veränderte
1121 547 183 37 Gesinnung
1323 548 54 27 des
1397 547 125 28 Barock
1541 547 212 28 bezeichnend
1771 547 52 33 ist,
1845 546 63 28 daß
1929 546 56 28 das
2008 546 105 29 Ganze
2132 547 79 37 jetzt

841 600 91 18 wenn
950 591 88 28 nicht
1056 591 51 34 in,
1127 601 34 18 so
1180 592 81 27 doch
1279 600 66 19 vor
1363 590 68 29 eine
1449 591 180 36 geräumige
1648 591 196 28 Landschaft
1862 590 125 37 gestellt
2005 590 42 28 ist
2065 591 66 27 und
2149 590 63 28 daß

841 634 99 28 durch
958 635 49 28 die
1025 634 206 39 Weglassung
1248 635 53 27 des
1320 634 129 28 Peneios
1466 634 49 28 die
1534 634 201 37 Möglichkeit
1752 644 173 27 gewonnen
1941 633 89 35 wird,
2048 634 50 28 die
2116 634 95 28 Beine

841 678 66 27 und
924 678 100 28 damit
1042 679 56 28 das
1115 679 143 27 Laufen
1275 678 54 28 der
1346 678 136 37 Daphne
1499 678 112 33 klarer,
1629 679 200 27 naturhafter
1845 688 40 18 zu
1901 678 101 37 geben
2018 694 41 4 —
2074 678 50 28 ein
2140 678 59 27 cha­

839 722 251 29 rakteristisches
1110 722 137 37 Beispiel
1272 722 51 27 für
1349 722 50 27 die
1424 730 76 19 vom
1519 722 124 27 Barock
1662 722 152 28 erstrebte
1836 722 197 28 Restitution
2054 722 54 28 des
2128 722 71 33 „An­

839 765 110 28 tiken“
965 765 46 29 im
1028 766 93 29 Sinne
1138 766 54 28 des
1208 766 259 28 Naturhaften
1483 774 57 19 aus
1557 765 240 33 „antikischen“
1815 766 146 28 Formen.
1965 765 12 17 3
1979 765 9 37 )

919 809 84 28 Aber
1021 819 32 18 es
1070 811 87 36 regte
1174 809 68 29 sich
1260 809 81 28 auch
1358 809 71 28 tief
1434 818 36 18 er
1476 809 78 36 greif
1555 809 79 28 ende
1654 809 116 29 Kritik.
1790 809 101 29 Wenn
1910 819 75 18 man
2004 809 48 28 die
2072 808 127 29 Darstel­

838 852 76 37 lung
934 853 150 35 Pierinos,
1104 854 82 27 nach
1205 853 235 37 Anerkennung
1458 852 83 28 ihrer
1561 853 294 36 kompositionellen
1875 853 141 37 Vorzüge
2036 851 177 40 gegenüber

839 896 119 28 älteren
974 897 192 37 Fassungen,
1183 897 132 28 kritisch
1330 897 189 33 betrachtet,
1536 896 139 28 vermißt
1692 906 74 20 man
1781 914 41 3 —
1836 897 57 28 wie
1909 897 81 28 oben
2006 898 97 28 schon
2119 906 79 27 ange­

839 940 110 28 deutet
971 957 41 3 —
1031 943 98 26 etwas
1153 941 72 27 sehr
1248 941 243 27 Bedeutsames:
1518 939 50 28 die
1589 940 127 28 innere
1738 941 231 37 Verknüpfung
1990 941 54 28 der
2067 940 145 29 Peneios-

838 983 82 37 figur
935 984 58 28 mit
1009 984 54 27 der
1079 983 181 38 Handlung.
1277 984 93 27 Denn
1381 983 130 28 Peneios
1524 983 117 28 nimmt
1655 983 33 37 ja
1701 984 52 28 bei
1765 984 68 28 ihm
1846 984 167 37 eigentlich
2027 994 56 27 gar
2097 983 114 30 keinen

838 1027 128 27 Anteil
985 1036 41 19 an
1046 1027 73 29 dem
1135 1027 194 33 Geschehen,
1349 1036 33 18 er
1402 1027 112 27 schaut
1534 1036 57 18 vor
1611 1027 66 27 sich
1696 1027 66 33 hin,
1783 1029 67 26 und
1868 1037 63 19 von
1950 1027 262 38 irgendwelchem

838 1070 180 37 Eingreifen
1044 1072 176 36 zugunsten
1247 1071 54 27 der
1320 1071 134 27 Tochter
1479 1070 42 28 ist
1546 1070 105 28 nichts
1669 1081 40 17 zu
1727 1072 117 35 spüren
1861 1088 42 3 —-
1919 1081 35 18 so
1972 1072 101 36 wenig
2091 1071 57 28 wie
2167 1071 45 27 im

837 1114 285 29 Farnesinafresko.
1144 1114 56 28 Bei
1219 1114 84 28 Ovid
1319 1114 90 27 heißt
1426 1123 33 18 es
1476 1123 66 18 nun
1559 1114 121 28 freilich
1698 1124 63 18 von
1779 1115 55 27 der
1851 1115 162 37 erschöpft
2030 1115 49 27 ihr
2097 1115 100 28 Unter­

835 1158 101 36 liegen
954 1158 105 27 nahen
1077 1158 174 27 fühlenden
1270 1158 136 36 Daphne
1425 1166 74 19 nur:

1561 1242 6 5 .
1584 1242 6 5 .
1607 1242 5 4 .
1627 1222 149 34 spectans
1791 1219 153 29 Peneidas
1958 1220 112 33 undas,

1114 1263 57 33 fer,
1187 1265 102 34 pater,
1304 1262 115 37 inquit,
1436 1271 105 28 opem,
1556 1262 26 28 si
1596 1263 136 28 flumina
1745 1273 119 18 numen
1877 1263 140 28 habetis!

1116 1315 64 28 qua
1193 1306 137 28 nimium
1343 1306 115 37 placui,
1475 1307 156 27 mutando
1646 1307 95 37 perde
1756 1307 151 37 figuram!

915 1375 43 29 Es
984 1376 79 37 folgt
1089 1376 86 28 dann
1200 1376 102 29 sofort
1328 1377 50 28 die
1404 1377 237 38 Beschreibung
1666 1378 54 28 der
1747 1378 233 37 Verwandlung
2005 1379 66 28 und
2097 1378 114 28 darauf

834 1419 157 29 Phoebus’
1004 1420 115 37 Klage;
1131 1420 66 28 und
1208 1423 64 26 erst
1283 1429 40 27 30
1329 1421 94 28 Verse
1434 1423 117 35 später,
1562 1422 33 28 in
1607 1422 54 28 der
1672 1417 209 43 Überleitung
1891 1432 55 19 zur
1960 1422 250 33 Io-Geschichte,

834 1463 77 28 wird
927 1464 129 33 erzählt,
1081 1464 58 28 wie
1156 1464 49 28 die
1222 1464 138 29 anderen
1378 1464 186 38 Flußgötter
1580 1466 66 28 sich
1663 1467 220 33 versammeln,
1901 1477 55 18 um
1972 1467 61 28 den
2050 1467 85 28 alten
2154 1466 41 28 Pe­

832 1507 87 28 neios
937 1517 39 18 zu
995 1509 131 28 trösten.
1148 1508 85 28 Ovid
1250 1508 141 29 erwähnt
1411 1509 66 28 also
1495 1519 83 18 zwar
1597 1510 56 28 das
1668 1510 257 29 Vorhandensein
1951 1511 55 28 der
2031 1509 145 36 „undae“
2185 1510 13 16 4
2199 1510 10 37 )

833 1550 54 30 des
904 1551 129 30 Peneios
1052 1561 41 19 an
1110 1552 57 29 Ort
1187 1553 67 28 und
1272 1552 94 30 Stelle
1382 1553 66 29 und
1464 1554 49 28 die
1530 1554 87 28 Bitte
1634 1555 151 37 Daphnes
1801 1564 41 19 an
1857 1555 54 29 ihn
1927 1573 41 2 —
1982 1555 66 29 und
2064 1555 66 29 dies
2145 1564 65 19 war

914 1650 23 30 1)
953 1649 175 31 Description
1144 1650 28 23 of
1189 1650 145 23 Bienheim
1347 1669 43 4 ...
1412 1658 39 15 12.
1464 1650 74 24 Aufl.
1557 1651 105 23 Oxford
1682 1652 74 29 1835,
1775 1659 41 22 45.
1836 1653 52 22 Die
1905 1660 73 15 neun
1995 1653 48 22 auf
2060 1653 87 23 Leder
2164 1659 32 23 ge­

832 1684 112 27 malten,
965 1685 266 29 überlebensgroßen
1250 1686 213 29 Darstellungen
1480 1693 92 16 waren
1591 1686 44 23 ein
1656 1687 145 23 Geschenk
1819 1688 48 22 des
1887 1688 106 29 Königs
2011 1688 96 23 Victor
2126 1690 71 21 Ama­

831 1720 68 22 deus
911 1728 56 15 von
982 1720 144 23 Sardinien
1138 1728 36 15 an
1190 1721 74 29 John
1278 1721 80 23 Duke
1370 1722 29 22 of
1411 1722 203 29 Marlborough.
1631 1722 44 22 Sie
1688 1723 93 28 galten
1794 1723 43 22 bis
1849 1731 32 14 zu
1895 1723 88 22 ihrem
1996 1723 161 31 Untergang
2170 1724 39 22 im

831 1755 94 23 Brand
937 1756 47 22 der
995 1755 139 29 achtziger
1148 1756 85 29 Jahre
1244 1756 48 22 des
1305 1763 39 21 19.
1360 1757 204 29 Jahrhunderts
1575 1757 40 22 als
1626 1758 99 22 Werke
1736 1758 118 26 Tizians,
1867 1759 71 21 doch
1950 1758 184 30 widersprach
2145 1760 64 21 dem

830 1790 86 23 schon
926 1791 154 22 Passavant
1093 1791 174 28 (Kunstreise
1277 1791 86 23 durch
1374 1792 127 29 England
1512 1800 25 15 u.
1550 1792 120 30 Belgien,
1683 1793 150 22 Frankfurt
1846 1794 75 28 1833,
1936 1794 70 29 178),
2018 1795 57 21 und
2085 1795 123 29 Waagen

830 1825 119 23 notierte
961 1826 58 22 sich
1030 1826 29 22 in
1072 1826 57 22 sein
1142 1827 151 29 Exemplar
1305 1827 48 22 der
1365 1829 158 27 genannten
1536 1828 211 30 „Description"
1765 1828 110 30 (Berlin,
1891 1829 71 22 Bibi.
1977 1830 25 21 d.
2017 1830 95 29 Mus.):
2128 1831 80 25 „Von

830 1861 208 22 Padovanino“.
1061 1861 282 23 Schabkunstblätter
1362 1863 87 22 dieser
1467 1870 74 15 neun
1560 1863 93 22 Bilder
1674 1863 53 29 (die
1746 1864 72 22 nach
1837 1864 118 22 Bartsch
1974 1865 125 29 Caraglio
2118 1872 24 21 9,
2166 1873 39 18 11,

832 1902 109 23 13—15,
961 1897 109 25 18—10,
1088 1903 31 16 22
1140 1896 110 30 kopiert
1271 1898 101 29 waren)
1396 1905 56 15 von
1470 1899 25 28 J.
1510 1898 91 23 Smith
1618 1905 66 22 1709
1702 1898 132 30 (Wessely
1849 1899 142 30 334—42),
2008 1900 73 23 diese
2096 1900 110 30 kopiert

829 1938 55 15 von
900 1931 28 22 P.
943 1931 109 23 Schenk
1068 1931 166 30 (Wurzbach
1248 1932 74 29 340);
1341 1933 93 23 Stiche
1448 1941 56 15 von
1518 1934 29 22 P.
1560 1941 56 15 van
1633 1934 90 22 Gunst
1737 1942 26 14 u.
1776 1941 24 15 a.
1819 1934 29 30 (s.
1862 1934 92 23 Crowe
1969 1943 25 14 u.
2011 1935 194 27 Cavalcaselle,

829 1966 104 26 Tizian,
955 1966 111 30 Leipzig
1088 1967 75 29 1877,
1185 1967 38 27 II,
1247 1960 70 37 8ioj.

909 2001 25 30 2)
949 2001 150 23 Publiziert
1133 2009 56 15 von
1220 2003 129 26 Roosval,
1381 2003 134 23 Tidskrift
1544 2004 44 22 für
1620 2004 250 30 Konstwetenskap
1893 2005 51 26 XI,
1975 2012 23 22 3.
2012 2006 77 26 Heft,
2123 2006 26 22 S.
2163 2006 41 26 86,

828 2036 59 22 Taf.
902 2036 125 27 XXXII,
1045 2044 53 15 neu
1115 2038 133 22 entdeckt
1264 2045 56 16 von
1337 2040 32 21 A.
1382 2039 29 22 L.
1424 2039 103 30 Mayer,
1547 2039 144 23 Pantheon
1708 2040 75 22 März
1802 2047 75 22 1930,
1898 2041 57 21 118.
1975 2041 71 22 Holz
2064 2048 139 22 32,5x31.

828 2071 54 22 Ein
892 2072 144 29 Vergleich
1046 2072 48 22 der
1107 2072 229 24 Gewandmotive
1346 2074 60 22 läßt
1417 2075 146 25 erkennen,
1576 2075 55 22 daß
1643 2075 47 22 der
1701 2075 86 23 Maler
1797 2089 35 2 —
1841 2077 73 20 trotz
1926 2076 64 22 dem
2003 2076 158 29 Gegensinn
2172 2091 35 3 —

827 2107 73 21 nach
913 2107 63 22 dem
989 2107 205 30 Caragliostich,
1210 2108 79 22 nicht
1303 2110 72 21 nach
1388 2110 64 22 dem
1467 2110 116 29 (damals
1597 2110 71 22 noch
1682 2110 78 22 nicht
1773 2111 195 29 gestochenen)
1985 2112 80 22 Bilde
2080 2112 125 23 Padova-

827 2142 79 22 ninos
919 2142 153 29 gearbeitet
1085 2143 57 22 hat.
1158 2138 76 28 Über
1248 2144 49 22 das
1311 2145 63 22 Bild
1388 2152 49 15 aus
1451 2145 48 22 der
1512 2146 83 21 Torre
1609 2146 34 22 de
1655 2146 27 22 la
1697 2145 197 23 Parada-Serie
1908 2146 39 22 im
1961 2147 99 26 Prado,
2076 2147 52 22 mit
2142 2148 63 22 dem

826 2177 96 30 Mayer
937 2177 43 22 die
994 2177 59 22 hier
1068 2178 187 29 besprochene
1272 2179 95 23 Skizze
1381 2180 144 22 fälschlich
1539 2181 29 22 in
1582 2180 180 30 Verbindung
1777 2180 102 30 bringt,
1896 2188 20 16 s.
1934 2183 88 21 unten
2040 2182 26 23 S.
2079 2189 42 22 41.

906 2211 25 30 3)
946 2212 62 22 Von
1024 2213 160 29 Fassungen
1199 2214 40 22 im
1258 2214 84 23 Sinne
1359 2215 48 22 des
1423 2215 235 30 Caragliostiches,
1677 2216 44 22 die
1737 2217 93 22 nichts
1846 2217 161 22 wesentlich
2024 2218 91 22 Neues
2132 2218 61 22 brin­

825 2254 61 22 gen,
909 2247 75 22 seien
1006 2248 66 22 kurz
1094 2251 136 26 genannt:
1254 2250 111 22 Andrea
1389 2250 194 27 Schiavone,
1607 2251 179 23 Cassonebild
1808 2251 29 23 in
1860 2252 80 22 Wien
1962 2253 58 22 und
2044 2253 159 29 Radierung

828 2282 39 29 (L.
880 2282 222 27 Fröhlich-Bum,
1128 2283 44 30 Jb.
1196 2285 26 21 d.
1247 2285 43 22 ah.
1316 2284 125 24 Kaiserh.
1468 2285 121 30 1913/14,
1612 2287 72 21 Abb.
1698 2294 41 22 70,
1765 2287 26 23 S.
1804 2293 60 20 211,
1889 2294 59 20 220,
1972 2288 171 22 namentlich
2164 2288 39 22 im

825 2317 114 22 Peneios
952 2325 56 14 von
1022 2318 109 22 Pierino
1145 2319 162 30 abhängig);
1323 2320 28 22 C.
1366 2327 56 16 van
1436 2320 220 31 Everdingen,
1673 2322 63 22 Bild
1750 2323 29 21 in
1793 2322 134 23 Haarlem
1941 2323 47 22 Nr.
2001 2329 34 23 94
2052 2322 81 31 (Abb.
2145 2323 54 29 37),

824 2352 61 23 eine
900 2352 181 23 interessante
1097 2353 189 24 holländische
1303 2355 180 30 Umprägung
1498 2363 56 15 von
1574 2357 143 29 Jordaens'
1735 2357 110 23 frühem
1862 2358 70 22 Pan-
1949 2358 56 23 und
2025 2357 177 31 Syrinx-Bild

823 2387 30 22 in
866 2388 122 26 Brüssel;
1006 2388 31 22 G.
1053 2389 37 22 de
1104 2389 159 27 Lairesse,
1278 2389 133 24 radiertes
1424 2391 240 30 Widmungsblatt
1678 2393 47 21 der
1740 2393 91 29 Opera
1846 2394 75 28 1674.
1939 2393 68 23 Sehr
2020 2401 33 14 zu
2067 2392 135 30 beklagen

823 2422 44 26 ist,
880 2423 54 21 daß
945 2422 45 23 ein
1001 2423 118 31 „Apollo
1129 2431 14 15 e
1154 2424 92 23 Dafne
1256 2432 52 16 con
1319 2425 98 28 Peneo,
1429 2426 106 30 quadro
1546 2427 103 29 grande
1659 2435 49 22 per
1718 2428 19 21 il
1748 2428 146 23 Cardinale
1905 2427 122 24 Antonio
2038 2427 162 24 Barberini"

823 2464 56 15 von
900 2458 162 23 Guercino
1083 2459 146 29 (Malvasia
1248 2461 47 26 IV,
1308 2461 60 29 376)
1390 2461 172 23 verschollen
1581 2470 33 14 zu
1634 2463 59 22 sein
1712 2463 115 23 scheint.

902 2493 25 29 4)
942 2493 48 22 Als
1020 2494 126 26 „undae“
1178 2495 108 24 kommt
1316 2495 114 24 Peneios
1458 2496 29 30 ja
1512 2497 70 23 auch
1607 2497 48 23 auf
1684 2497 428 31 Quattrocento-Darstellungen
2137 2504 58 21 vor,

823 2533 19 15 s.
855 2527 71 23 Abb.
942 2534 30 16 12
987 2536 25 14 u.
1028 2536 38 22 13.
