2464 3159
797 739 174 35 TEXTE

201 823 25 28 I.
240 818 376 32 ALLEGORISATION
632 818 89 28 DER
737 817 333 30 DAPHNE-FABEL
1093 817 48 29 IM
1163 816 155 35 „OVIDE
1329 811 240 35 MORALISfi"

759 861 25 34 I,
800 860 209 38 3065—3260.

202 925 100 40 (Nach
322 924 56 29 der
397 923 146 38 Ausgabe
563 933 64 20 von
647 924 39 28 de
707 923 83 30 Boer
808 923 33 29 in
861 923 61 29 den
943 922 272 39 Verhandelingen
1236 922 55 29 der
1313 922 82 29 Kon.
1416 922 102 30 Akad.
1540 932 30 20 v.

338 968 179 29 Wetensch.
541 967 129 29 Nieuwe
694 967 105 30 Reeks
822 967 50 29 Dl.
886 967 71 34 XV,
980 967 205 29 Amsterdam
1205 972 86 32 1915,
1317 965 110 38 i2Öff.)

643 1047 36 3 —
693 1029 44 30 Or
751 1028 150 30 m’estuet
917 1031 84 27 ceste
1016 1029 85 28 fable
1116 1028 164 38 espondre.

600 1073 89 29 Dirai
704 1073 75 39 quel
792 1082 71 20 sens
877 1073 10 28 i
903 1076 76 35 puet
995 1073 165 38 repondre.

600 1118 90 29 Dane
704 1117 67 30 fille
787 1117 97 29 Pene!
897 1117 74 29 iere.

201 1166 68 31 3068
606 1162 122 29 Peneüs
742 1164 48 26 est
806 1171 62 19 une
883 1161 114 29 riviere

601 1206 50 29 Ou
665 1206 39 29 de
718 1205 112 30 loriers
844 1207 93 36 grant
952 1205 90 37 copie
1058 1214 27 20 a.

601 1250 138 34 Phebus,
756 1249 55 38 qui
825 1248 162 30 d’amours
1001 1249 31 28 la
1047 1248 79 38 pria,

601 1293 82 30 C’est
699 1294 23 28 li
735 1293 116 35 solaus,
867 1293 26 28 si
908 1302 59 20 con
983 1292 64 29 moi
1061 1292 131 34 samble,

202 1348 68 25 3072
602 1338 45 28 La
662 1338 51 28 cui
727 1337 154 35 chalours,
899 1337 111 28 mellee
1024 1336 162 29 ensamble
1192 1335 12 18 1
1205 1335 10 38 )

602 1380 225 35 L’umoistour,
846 1380 46 29 fet
911 1380 182 38 multeplier

602 1425 57 29 Ces
674 1424 108 30 arbres
796 1427 32 26 et
844 1424 141 29 actefier.

646 1485 35 4 —
695 1468 99 30 Autre
808 1470 150 26 sentence
972 1468 10 28 i
997 1470 78 35 puet
1091 1467 99 34 avoir,

202 1518 69 30 3076
603 1512 61 29 Par
676 1511 110 30 istoire
802 1511 168 29 acordable
985 1520 19 20 a
1018 1511 79 29 voir.

601 1557 91 28 Dane
705 1556 35 29 fu
755 1565 61 19 une
831 1555 185 34 damoisele,

604 1600 104 37 Jente,
725 1599 123 39 joenne,
865 1601 139 27 avenant
1020 1601 30 26 et
1067 1598 80 34 bele,

602 1644 100 29 Riehe
717 1646 31 26 et
764 1643 39 29 de
818 1646 92 34 grant
926 1642 143 34 nobilite,

201 1691 69 32 3080
607 1688 62 38 Qui
683 1687 91 30 vault
789 1687 90 29 vivre
894 1696 39 20 en
947 1686 158 38 virginite,

603 1732 79 29 Sans
696 1731 102 30 violer
812 1740 57 20 son
885 1731 161 38 pucelage,

601 1776 67 29 Mes
682 1776 31 28 la
728 1775 110 30 biaute
852 1775 39 28 de
906 1784 58 20 son
978 1774 109 38 visage

600 1820 117 29 Esmut
732 1819 102 29 maint
851 1828 18 19 a
883 1818 141 29 s’amour
1037 1826 157 29 requerre.

203 1868 68 31 3084
602 1864 90 29 Dane
706 1872 82 30 pour
802 1863 86 28 nulle
903 1862 83 29 riens
1001 1872 39 19 en
1055 1864 83 26 terre

602 1908 47 29 Ne
664 1906 162 31 s’asentist
843 1916 18 19 a
875 1907 95 28 home
985 1915 97 25 amer,

602 1951 62 30 N’a
678 1961 57 20 son
750 1951 152 38 pucelage
917 1953 154 26 entamer.

602 1996 137 34 Phebus,
756 2004 58 28 par
828 1994 123 38 proiere
965 1997 31 26 et
1013 2003 58 29 par
1085 1993 89 34 dons,

204 2044 68 31 3088
603 2040 45 28 La
662 2042 126 36 tempta
803 2038 119 38 primes
936 2047 39 20 en
990 2037 148 39 pardons,
1143 2036 11 18 2
1155 2036 9 37 )

608 2083 131 39 Qu’ains
754 2085 71 26 tant
841 2092 40 19 ne
895 2082 31 29 la
941 2084 57 36 pot
1013 2080 181 30 esmouvoir

608 2127 85 38 Qu’il
707 2129 93 37 peüst
815 2125 214 30 s’acointance
1044 2125 99 33 avoir,

604 2172 83 28 Pour
701 2173 176 36 promettre
892 2179 39 20 ne
946 2179 81 28 pour
1041 2169 114 38 proier.

205 2226 68 24 3092
603 2216 103 37 Aprez
721 2215 31 29 la
766 2214 94 29 cuida
875 2213 134 38 formier

604 2259 42 29 Et
662 2259 75 29 tolir
750 2258 23 29 li
787 2267 57 20 son
860 2258 161 37 pucelage,

604 2303 67 29 Mes
683 2303 33 29 la
729 2302 112 39 pucele
854 2301 115 38 simple
983 2303 33 27 et
1030 2310 84 28 sage,

610 2346 61 38 Qui
685 2356 33 20 se
732 2346 112 30 lessast
861 2345 107 37 angois
982 2345 114 33 larder,
1100 2343 12 18 3
1113 2344 9 37 )

206 2396 69 30 3096
606 2391 116 34 Fuioit,
739 2399 80 29 pour
833 2399 57 19 son
904 2389 125 29 honnor
1043 2387 122 39 garder,

287 2469 24 30 1)
326 2476 76 16 avec.

286 2505 25 30 2)
326 2512 35 16 en
373 2505 75 23 vain.

285 2540 25 30 3)
326 2539 99 24 brüler.
