2464 3159
210 372 57 23 Das
286 374 74 28 späte
376 371 182 30 Quattrocento

1544 372 39 20 21

207 435 69 29 ihre
293 434 212 39 Vereinigung
522 444 39 19 zu
576 434 86 28 einer
678 432 44 28 im
739 431 274 30 bildhauerischen
1033 432 94 29 Sinne
1149 432 279 42 „geschlossenen“
1448 434 139 39 Gruppe.

210 478 78 29 Hier
307 477 121 40 spricht
445 479 54 28 der
523 476 151 39 Schöpfer
694 475 55 29 der
770 473 444 34 Hercules-Antaeus-Bronze
1239 476 44 28 im
1304 477 155 39 Bargello,
1478 477 33 28 in
1533 477 54 29 der

210 524 57 27 das
286 522 148 30 Problem
451 523 54 28 der
528 531 62 19 von
612 518 85 30 einer
719 518 138 29 anderen
878 518 178 39 gepackten
1078 519 228 30 schwebenden
1325 520 95 38 Figur
1441 521 50 29 bei
1513 522 75 27 aller

209 567 133 29 inneren
362 567 68 28 und
456 565 139 29 äußeren
615 561 278 31 Verschiedenheit
921 563 33 27 in
979 562 156 30 manchen
1154 563 107 36 Zügen
1283 561 305 43 (Beinschwingung,

213 609 273 41 Körperbiegung)
507 608 113 37 analog
637 606 110 38 gefaßt
766 607 127 28 worden
911 606 57 33 ist;
988 606 66 28 und
1073 607 59 27 mit
1152 606 99 29 dieser
1269 615 100 29 engen
1387 606 189 31 Zusammen­

210 656 131 37 fassung
358 655 42 28 ist
419 654 81 28 auch
518 652 51 29 für
588 652 50 27 die
657 649 336 40 Flächendarstellung
1011 650 55 27 der
1084 649 127 39 Apollo-
1228 648 362 43 und-Daphne-Gruppe

211 700 51 28 ein
277 698 162 38 wichtiges
454 695 147 30 Problem
616 693 179 40 aufgerollt,
812 694 57 29 das
883 694 114 28 immer
1012 692 190 38 dringender
1216 692 292 32 Aufmerksamkeit
1524 703 54 19 ver­

211 744 108 37 langte
333 741 66 30 und
413 741 109 28 dessen
537 737 226 40 Entwicklung
776 737 49 30 bis
838 748 56 19 zur
907 737 194 29 klassischen
1115 737 128 39 Lösung
1254 737 45 28 im
1313 736 123 29 Barock
1450 737 54 29 wir
1518 739 74 27 bald

213 786 187 31 betrachten
419 783 134 30 werden.

293 831 65 28 Das
378 828 148 28 Problem
545 826 55 29 der
622 824 276 40 Verwandlung
917 825 117 28 nimmt
1054 824 68 29 eine
1143 822 266 33 Wolfenbütteier
1430 823 162 35 Miniatur,

212 874 50 29 die
281 872 173 30 Liberale
473 871 46 29 da
538 870 147 29 Verona
704 868 198 31 mindestens
920 870 73 28 sehr
1010 869 83 28 nahe
1111 868 98 34 steht,
1228 867 160 30 ernsthaft
1406 867 115 29 wieder
1539 868 55 27 auf

214 918 96 38 (Abb.
327 915 58 40 18).
391 916 10 17 1
405 917 8 37 )
447 914 134 31 Freilich
604 915 44 28 ist
666 923 33 19 es
716 914 32 27 in
768 913 88 30 Haar
873 914 67 27 und
958 913 90 28 Laub
1066 911 219 39 überwiegend
1303 911 81 30 noch
1401 911 50 29 ein
1470 912 111 27 Neben­

211 961 151 30 einander
380 962 82 27 statt
482 958 85 31 eines
587 957 200 37 Ineinander,
808 966 65 21 was
891 958 68 28 hier
977 957 121 38 gezeigt
1118 956 93 34 wird;
1231 956 75 27 aber
1326 955 32 29 in
1378 955 60 29 den
1458 954 136 30 Händen

212 1007 66 28 und
299 1005 110 29 Füßen
431 1004 79 29 wird
531 1003 82 30 doch
634 1012 74 20 zum
728 1005 105 25 ersten
856 1001 63 29 Mal
938 1001 51 29 ein
1010 1002 122 27 wahres
1156 999 219 30 Sichwandeln
1396 999 197 37 dargestellt:

213 1051 49 28 die
282 1049 97 38 Figur
396 1049 131 28 wurzelt
548 1047 79 35 „auf
645 1046 137 30 einmal“
803 1055 53 19 am
875 1045 120 35 Boden,
1016 1045 49 28 die
1085 1044 114 39 Finger
1217 1044 125 29 werden
1363 1043 78 35 „auf
1458 1042 136 30 einmal“

214 1105 41 19 zu
277 1094 106 28 Laub:

786 1158 51 5 ...
851 1134 32 28 in
898 1142 106 21 ramos
1018 1133 150 29 bracchia
1182 1134 159 32 crescunt;

576 1190 68 28 pes,
660 1179 96 29 modo
768 1181 72 26 tarn
853 1178 105 34 velox,
973 1178 98 38 pigris
1083 1177 162 29 radicibus
1258 1176 121 29 haeret.

219 1264 109 29 Gewiß
346 1272 105 19 waren
468 1261 98 30 schon
584 1261 57 28 auf
658 1260 55 29 der
732 1258 152 29 Miniatur
901 1259 32 27 in
954 1256 107 30 Gotha
1080 1255 92 39 (Abb.
1190 1255 47 37 11)
1257 1254 145 30 ähnliche
1421 1253 104 30 Mittel
1542 1264 56 18 zur

216 1308 205 38 Darstellung
439 1306 55 29 der
512 1304 235 40 Verwandlung
764 1302 221 39 angewendet;
1003 1301 76 28 aber
1097 1309 75 19 man
1190 1299 81 29 sieht
1289 1299 77 34 hier,
1385 1299 57 28 wie
1459 1298 72 29 sehr
1549 1298 49 29 die

216 1353 46 28 im
278 1351 100 29 Laufe
396 1351 54 28 des
473 1348 232 40 Quattrocento
722 1347 180 29 erworbene
917 1346 133 28 erhöhte
1067 1344 169 38 Fähigkeit
1253 1353 56 18 zur
1325 1341 205 38 Darstellung
1546 1342 55 27 der

220 1397 135 28 Flucht
369 1395 55 29 der
436 1394 56 29 der
504 1392 235 40 Verwandlung
751 1391 209 29 unmittelbar
973 1392 115 35 zugute
1101 1388 139 29 kommt:
1255 1388 49 28 die
1317 1385 167 29 ähnlichen
1498 1385 103 29 Mittel

218 1441 120 28 wirken
359 1448 41 19 an
422 1439 55 28 der
496 1437 160 30 lebhafter
676 1436 164 38 bewegten
862 1434 97 37 Figur
980 1433 81 29 ohne
1082 1432 142 29 weiteres
1244 1431 123 29 stärker
1387 1430 45 28 im
1452 1430 135 29 transito­

216 1485 126 29 rischen
358 1483 106 29 Sinne.
479 1481 104 30 Dabei
594 1482 44 28 ist
652 1479 193 39 keineswegs
858 1479 56 27 der
930 1477 152 29 Gedanke
1096 1477 56 27 der
1165 1476 115 28 Flucht
1294 1475 153 37 Daphnes
1460 1474 73 28 dem
1546 1474 55 28 der

219 1527 234 39 Verwandlung
475 1524 233 40 übergeordnet
730 1524 58 28 wie
810 1523 51 28 bei
884 1521 184 34 Pollaiuolo,
1091 1520 76 29 aber
1188 1529 33 19 er
1240 1520 43 28 ist
1306 1519 81 28 doch
1408 1519 32 27 in
1464 1516 124 40 Körper­

218 1572 144 40 haltung,
379 1569 248 40 Kopfwendung
639 1568 66 30 und
720 1566 248 40 Gesichtszügen
980 1575 39 20 zu
1031 1564 176 31 lebhaftem
1219 1562 168 31 Ausdruck
1398 1560 202 40 gekommen;

218 1617 151 29 während
391 1615 122 29 freilich
534 1615 56 28 der
606 1614 204 38 verfolgende
827 1612 114 38 Apollo
956 1610 178 39 gegenüber
1152 1608 173 29 Pollaiuolo
1341 1607 74 28 steif
1430 1606 66 28 und
1512 1605 90 38 eckig

219 1659 166 32 erscheint.
403 1660 44 27 Er
460 1659 43 29 ist
517 1669 67 19 nun
597 1658 168 38 endgültig
778 1658 46 27 als
837 1656 126 29 antiker
979 1653 79 30 Gott
1071 1653 188 34 restituiert,
1270 1652 56 28 der
1335 1649 267 31 mittelalterliche

221 1704 145 37 „Weise“
399 1704 42 28 ist
472 1702 232 30 überwunden:
738 1702 57 28 das
826 1699 161 39 bezeugen
1016 1698 56 28 der
1107 1695 254 40 „symbolische“
1393 1694 118 37 Bogen,
1548 1694 54 27 der

220 1747 257 42 „proleptische"
498 1746 250 36 Lorbeerkranz,
771 1746 57 28 das
852 1743 172 30 flatternde
1046 1740 150 36 Gewand,
1216 1739 175 35 Attribute,
1413 1738 50 28 die
1482 1736 119 30 freilich

219 1794 81 30 auch
320 1792 98 30 schon
435 1792 34 29 in
496 1791 108 30 Gotha
631 1790 94 38 (Abb.
741 1789 130 38 10—11)
897 1786 200 40 vorgebildet
1116 1794 121 25 waren;
1267 1792 60 20 nur
1352 1783 33 27 in
1411 1781 61 29 den
1491 1780 111 30 Tieren

223 1838 97 38 (Hase
345 1851 32 9 =
397 1837 112 37 libido)
536 1836 124 28 scheint
686 1833 169 40 spezifisch
881 1830 269 31 mittelalterliche
1175 1827 289 40 Allegorienfreude
1484 1825 107 28 weiter­

221 1881 167 32 zuwirken.

302 1927 44 27 Es
363 1925 43 29 ist
425 1925 102 29 dieses
546 1925 101 33 Blatt,
668 1923 58 29 das
743 1940 42 2 —
801 1922 58 29 wie
877 1920 106 39 längst
1002 1919 136 28 erkannt
1158 1917 127 29 worden
1303 1916 42 29 ist
1363 1932 41 3 —
1421 1914 118 29 Dürer
1558 1913 46 27 als

222 1970 133 31 Vorbild
365 1970 117 35 diente,
500 1969 46 29 als
556 1967 219 30 Pirckheimer
784 1975 65 20 von
861 1964 69 29 ihm
938 1963 70 30 eine
1018 1960 336 40 Daphnedarstellung
1362 1959 102 34 erbat,
1476 1968 54 18 um
1539 1957 66 28 sich

224 2016 59 28 mit
294 2014 119 31 seinem
423 2014 78 29 Vers
512 2013 81 29 auch
605 2013 47 28 als
663 2012 167 29 deutscher
841 2008 132 31 Dichter
985 2008 54 29 der
1051 2003 303 33 Petrarcatradition
1365 2001 241 30 anzuschließen

227 2059 92 39 (Abb.
336 2057 48 39 19)
393 2058 12 16 2
407 2058 25 37 );
462 2059 50 28 die
534 2056 168 29 miserable
727 2052 328 41 Schnittausführung
1081 2050 127 30 hindert
1230 2048 88 30 nicht
1341 2057 39 18 zu
1401 2047 126 38 spüren,
1549 2044 57 29 wie

308 2139 23 30 1)
350 2136 209 29 Wolfenbüttel,
592 2137 31 22 in
644 2135 65 23 Cod.
727 2142 50 22 277
789 2135 24 22 A
841 2132 79 25 Extr.
944 2132 51 22 Die
1017 2129 204 31 Zuschreibung
1241 2135 37 16 an
1299 2126 123 24 Liberale
1443 2125 35 22 da
1499 2123 109 23 Verona

227 2173 88 25 durch
330 2173 84 24 Paolo
428 2173 153 26 d’Ancona,
596 2171 103 23 L’Arte
710 2170 35 26 X,
764 2177 75 22 1907,
856 2175 40 22 31.
913 2166 111 24 Formal
1037 2166 62 22 sehr
1113 2164 144 24 verwandt
1271 2160 201 25 Pinturicchios
1485 2158 109 24 Darstel­

226 2209 68 31 lung
309 2210 48 22 der
371 2208 169 31 Verfolgung
555 2208 53 22 los
624 2206 87 23 durch
730 2204 133 32 Jupiter
877 2204 39 22 im
931 2202 123 23 Vatikan
1072 2197 270 33 (Ehrle-Stevenson,
1361 2196 44 23 Gli
1420 2193 128 25 affreschi
1563 2193 44 23 del

229 2243 188 26 Pinturicchio
433 2244 63 22 nell’
514 2243 215 31 appartamento
746 2238 109 32 Borgia,
875 2239 72 22 Rom
967 2238 66 29 1897
1052 2236 26 24 S.
1091 2236 33 22 68
1141 2235 60 23 Taf.
1214 2233 114 31 LVIII).

310 2280 25 31 2)
355 2279 56 23 Der
422 2278 177 24 Holzschnitt
608 2277 93 23 findet
716 2276 59 23 sich
792 2283 45 16 am
850 2274 104 24 Schluß
966 2280 55 16 von
1032 2271 99 24 Celtes’
1147 2269 127 32 Quatuor
1283 2265 204 28 libriamorum,
1500 2263 107 23 Nürnb.

233 2323 75 23 1502,
323 2314 72 24 ohne
408 2314 54 23 daß
475 2314 44 23 ein
531 2314 116 23 näherer
660 2310 241 32 Zusammenhang
913 2309 52 23 mit
977 2309 64 23 dem
1053 2307 72 22 Text
1137 2304 157 25 ersichtlich
1306 2305 71 22 wäre
1391 2301 64 30 (vgl.
1469 2298 140 30 Thausing

232 2351 26 24 S.
271 2351 72 31 207).
354 2350 38 23 Es
400 2349 36 23 ist
445 2350 61 22 sehr
516 2347 191 32 merkwürdig,
718 2347 55 23 daß
783 2347 48 23 der
839 2342 217 28 Wolfenbüttler
1065 2342 65 23 Cod.
1141 2341 78 23 nicht
1228 2347 52 15 nur
1289 2337 86 25 durch
1384 2336 74 23 seine
1466 2333 141 28 Miniatur,

230 2387 120 24 sondern
370 2385 70 23 auch
461 2384 118 23 textlich
599 2384 53 22 mit
673 2381 302 26 Pirckheimer-Dürers
995 2378 80 24 Blatt
1095 2374 305 32 zusammenzuhängen
1420 2369 115 24 scheint.
1558 2368 51 22 Die

229 2423 30 22 in
271 2421 60 24 ihm
344 2420 182 24 enthaltenen
540 2419 136 22 Gedichte
689 2417 130 29 nämlich,
833 2416 73 25 nach
918 2415 76 23 einer
1006 2420 55 16 von
1075 2410 145 25 d’Ancona
1234 2417 24 15 a.
1271 2418 24 15 a.
1308 2408 31 24 O.
1355 2406 126 24 zitierten
1495 2403 114 30 Angabe

230 2457 123 25 Vittorio
371 2455 95 24 Rossis
482 2461 56 17 von
554 2454 92 23 einem
662 2453 176 24 Nachahmer
854 2451 48 23 des
918 2448 156 25 Verfassers
1090 2448 48 23 der
1156 2446 97 28 „Bella
1269 2443 100 25 Mano“
1390 2442 68 29 (also
1474 2439 71 23 wohl
1562 2438 49 22 des

233 2492 100 25 Giusto
351 2490 42 25 de’
413 2490 101 30 Conti),
533 2491 99 29 tragen
649 2489 48 23 auf
714 2488 79 24 Blatt
804 2495 14 15 2
837 2487 45 23 die
899 2484 162 30 Widmung:
1082 2480 176 32 ,,D(ominae)
1278 2477 127 32 Laur(ae)
1425 2472 186 27 Continentis-

232 2527 107 32 s(imae)
356 2526 170 30 Foem(inae)
542 2525 74 22 Mart
630 2524 38 30 (?)
685 2522 204 33 Daphniphilos
902 2529 34 15 ex
950 2518 154 32 obsequ(io)
1120 2516 133 25 dicavit".
1269 2512 139 26 Zwischen
1422 2510 47 24 der
1483 2507 115 25 Bezeich­

232 2571 77 23 nung
331 2564 48 22 des
396 2562 103 22 Autors
522 2560 40 23 als
580 2558 238 32 „Daphniphilos”
837 2557 56 23 und
912 2554 198 25 Pirckheimers
1125 2550 151 32 Widmung
1292 2556 36 16 an
1344 2548 44 23 die
1406 2541 204 38 „Aa(pv((ptXoi“
