<?xml version="1.0" encoding="UTF-8" standalone="yes"?>
<alto xmlns="http://www.loc.gov/standards/alto/ns-v2#" xmlns:xlink="http://www.w3.org/1999/xlink" xmlns:xsi="http://www.w3.org/2001/XMLSchema-instance" xsi:schemaLocation="http://www.loc.gov/standards/alto/ns-v2# http://www.loc.gov/standards/alto/alto-v2.0.xsd">
<Description>
<MeasurementUnit>pixel</MeasurementUnit>
<OCRProcessing ID="IdOcr"><ocrProcessingStep><processingDateTime>2018-03-22</processingDateTime><processingSoftware><softwareCreator>ABBYY</softwareCreator><softwareName>ABBYY FineReader Engine</softwareName><softwareVersion>11</softwareVersion></processingSoftware></ocrProcessingStep></OCRProcessing>
</Description>
<Styles>
</Styles>
<Layout>
<Page ID="Page1" PHYSICAL_IMG_NR="1" HEIGHT="3159" WIDTH="2409">
<TopMargin HEIGHT="407" WIDTH="2409" VPOS="0" HPOS="0">
<ComposedBlock ID="Page1_Block1" HEIGHT="47" WIDTH="1387" VPOS="346" HPOS="821" TYPE="container"><Shape><Polygon POINTS="824,352 2210,352 2210,394 824,394 824,352"/></Shape>
<TextBlock ID="Page1_Block2" HEIGHT="33" WIDTH="53" VPOS="348" HPOS="821" language="de">
<TextLine HEIGHT="21" WIDTH="41" VPOS="353" HPOS="827"><String WC="0.8700000048" CONTENT="20" HEIGHT="21" WIDTH="41" VPOS="353" HPOS="827"/></TextLine>
</TextBlock>
<TextBlock ID="Page1_Block3" HEIGHT="45" WIDTH="840" VPOS="348" HPOS="1368" language="de"><Shape><Polygon POINTS="1370,352 2210,352 2210,394 1370,394 1370,352"/></Shape>
<TextLine HEIGHT="33" WIDTH="827" VPOS="353" HPOS="1374"><String WC="0.9211111069" CONTENT="Bildliche" HEIGHT="23" WIDTH="131" VPOS="353" HPOS="1374"/><SP WIDTH="13" VPOS="354" HPOS="1506"/><String WC="0.6723076701" CONTENT="Darstellungen" HEIGHT="29" WIDTH="204" VPOS="354" HPOS="1520"/><SP WIDTH="13" VPOS="355" HPOS="1725"/><String WC="0.7950000167" CONTENT="in" HEIGHT="22" WIDTH="29" VPOS="355" HPOS="1739"/><SP WIDTH="13" VPOS="355" HPOS="1769"/><String WC="0.7890909314" CONTENT="Mittelalter" HEIGHT="24" WIDTH="153" VPOS="355" HPOS="1783"/><SP WIDTH="13" VPOS="364" HPOS="1937"/><String WC="0.8500000238" CONTENT="und" HEIGHT="21" WIDTH="55" VPOS="358" HPOS="1951"/><SP WIDTH="14" VPOS="358" HPOS="2007"/><String WC="0.8190909028" CONTENT="Renaissance" HEIGHT="23" WIDTH="179" VPOS="358" HPOS="2022"/></TextLine>
</TextBlock></ComposedBlock><GraphicalElement ID="Page1_Block4" HEIGHT="9" WIDTH="1367" VPOS="388" HPOS="832"/>
</TopMargin>
<LeftMargin HEIGHT="2172" WIDTH="815" VPOS="407" HPOS="0">
</LeftMargin>
<RightMargin HEIGHT="2172" WIDTH="186" VPOS="407" HPOS="2223">
</RightMargin>
<BottomMargin HEIGHT="580" WIDTH="2409" VPOS="2579" HPOS="0">
</BottomMargin>
<PrintSpace HEIGHT="2172" WIDTH="1408" VPOS="407" HPOS="815">
<TextBlock ID="Page1_Block5" HEIGHT="2172" WIDTH="1408" VPOS="407" HPOS="815" language="de"><Shape><Polygon POINTS="823,413 2225,413 2225,2578 826,2578 826,1468 1498,1468 1498,860 823,860 823,413"/></Shape>
<TextLine HEIGHT="44" WIDTH="1376" VPOS="414" HPOS="826"><String WC="0.8918181658" CONTENT="Cassonebild" HEIGHT="30" WIDTH="205" VPOS="416" HPOS="826"/><SP WIDTH="23" VPOS="415" HPOS="1031"/><String WC="0.6740000248" CONTENT="(Abb." HEIGHT="39" WIDTH="93" VPOS="414" HPOS="1054"/><SP WIDTH="16" VPOS="424" HPOS="1147"/><String WC="0.6133333445" CONTENT="17)" HEIGHT="37" WIDTH="49" VPOS="416" HPOS="1163"/><String STYLE="superscript" WC="0.8399999738" CONTENT="l" HEIGHT="18" WIDTH="12" VPOS="415" HPOS="1220"/><String WC="0.9499999881" CONTENT=")" HEIGHT="37" WIDTH="9" VPOS="415" HPOS="1234"/><SP WIDTH="29" VPOS="415" HPOS="1243"/><String WC="0.8933333158" CONTENT="bis" HEIGHT="28" WIDTH="51" VPOS="415" HPOS="1272"/><SP WIDTH="25" VPOS="424" HPOS="1323"/><String WC="0.8566666842" CONTENT="auf" HEIGHT="29" WIDTH="56" VPOS="415" HPOS="1348"/><SP WIDTH="19" VPOS="416" HPOS="1404"/><String WC="1." CONTENT="ihre" HEIGHT="28" WIDTH="68" VPOS="416" HPOS="1423"/><SP WIDTH="21" VPOS="416" HPOS="1491"/><String WC="1." CONTENT="in" HEIGHT="28" WIDTH="33" VPOS="416" HPOS="1512"/><SP WIDTH="20" VPOS="426" HPOS="1545"/><String WC="0.8249999881" CONTENT="große," HEIGHT="38" WIDTH="108" VPOS="417" HPOS="1565"/><SP WIDTH="22" VPOS="418" HPOS="1673"/><String WC="0.9049999714" CONTENT="fast" HEIGHT="28" WIDTH="65" VPOS="418" HPOS="1695"/><SP WIDTH="21" VPOS="418" HPOS="1760"/><String WC="0.853333354" CONTENT="baumhafte" HEIGHT="30" WIDTH="189" VPOS="417" HPOS="1781"/><SP WIDTH="21" VPOS="420" HPOS="1970"/><String WC="0.9133333564" CONTENT="Zweige" HEIGHT="38" WIDTH="120" VPOS="420" HPOS="1991"/><SP WIDTH="21" VPOS="431" HPOS="2111"/><String WC="0.9499999881" CONTENT="ver" HEIGHT="19" WIDTH="56" VPOS="431" HPOS="2132" SUBS_TYPE="HypPart1" SUBS_CONTENT="verwandelten"/><HYP CONTENT="­"/></TextLine>
<TextLine HEIGHT="44" WIDTH="1376" VPOS="458" HPOS="826"><String WC="0.9588888884" CONTENT="wandelten" HEIGHT="28" WIDTH="178" VPOS="460" HPOS="826" SUBS_TYPE="HypPart2" SUBS_CONTENT="verwandelten"/><SP WIDTH="11" VPOS="459" HPOS="1005"/><String WC="1." CONTENT="Arme" HEIGHT="30" WIDTH="96" VPOS="458" HPOS="1017"/><SP WIDTH="11" VPOS="469" HPOS="1114"/><String WC="0.9424999952" CONTENT="ganz" HEIGHT="28" WIDTH="81" VPOS="469" HPOS="1126"/><SP WIDTH="11" VPOS="469" HPOS="1208"/><String WC="0.9439130425" CONTENT="menschlich-jungfräulich" HEIGHT="40" WIDTH="420" VPOS="459" HPOS="1220"/><SP WIDTH="11" VPOS="462" HPOS="1641"/><String WC="1." CONTENT="gegeben" HEIGHT="37" WIDTH="139" VPOS="462" HPOS="1653"/><SP WIDTH="11" VPOS="471" HPOS="1793"/><String WC="0.8333333135" CONTENT="und" HEIGHT="29" WIDTH="67" VPOS="461" HPOS="1805"/><SP WIDTH="10" VPOS="462" HPOS="1873"/><String WC="0.9533333182" CONTENT="blickt" HEIGHT="29" WIDTH="100" VPOS="462" HPOS="1884"/><SP WIDTH="13" VPOS="464" HPOS="1985"/><String WC="0.9449999928" CONTENT="fast" HEIGHT="29" WIDTH="63" VPOS="464" HPOS="1999"/><SP WIDTH="11" VPOS="465" HPOS="2063"/><String WC="0.8849999905" CONTENT="freund" HEIGHT="28" WIDTH="113" VPOS="465" HPOS="2075" SUBS_TYPE="HypPart1" SUBS_CONTENT="freundlich"/><HYP CONTENT="­"/></TextLine>
<TextLine HEIGHT="44" WIDTH="1377" VPOS="501" HPOS="825"><String WC="0.8125" CONTENT="lich" HEIGHT="28" WIDTH="63" VPOS="504" HPOS="825" SUBS_TYPE="HypPart2" SUBS_CONTENT="freundlich"/><SP WIDTH="14" VPOS="504" HPOS="889"/><String WC="0.9333333373" CONTENT="auf" HEIGHT="28" WIDTH="56" VPOS="503" HPOS="904"/><SP WIDTH="14" VPOS="503" HPOS="961"/><String WC="1." CONTENT="den" HEIGHT="28" WIDTH="61" VPOS="503" HPOS="976"/><SP WIDTH="14" VPOS="511" HPOS="1038"/><String WC="0.9533333182" CONTENT="sie" HEIGHT="30" WIDTH="44" VPOS="502" HPOS="1053"/><SP WIDTH="15" VPOS="513" HPOS="1098"/><String WC="0.9679999948" CONTENT="schon" HEIGHT="27" WIDTH="98" VPOS="504" HPOS="1114"/><SP WIDTH="15" VPOS="512" HPOS="1213"/><String WC="0.9709091187" CONTENT="umfassenden" HEIGHT="30" WIDTH="224" VPOS="502" HPOS="1229"/><SP WIDTH="14" VPOS="504" HPOS="1454"/><String WC="0.917142868" CONTENT="herbeieilenden" HEIGHT="30" WIDTH="251" VPOS="504" HPOS="1469"/><SP WIDTH="18" VPOS="506" HPOS="1721"/><String WC="0.8877778053" CONTENT="Jüngling;" HEIGHT="38" WIDTH="166" VPOS="505" HPOS="1740"/><SP WIDTH="17" VPOS="515" HPOS="1907"/><String WC="1." CONTENT="aber" HEIGHT="28" WIDTH="74" VPOS="506" HPOS="1925"/><SP WIDTH="15" VPOS="507" HPOS="2000"/><String WC="0.9966666698" CONTENT="ihr" HEIGHT="28" WIDTH="49" VPOS="507" HPOS="2016"/><SP WIDTH="13" VPOS="517" HPOS="2066"/><String WC="0.9628571272" CONTENT="rechtes" HEIGHT="28" WIDTH="122" VPOS="510" HPOS="2080"/></TextLine>
<TextLine HEIGHT="43" WIDTH="1374" VPOS="545" HPOS="827"><String WC="0.9075000286" CONTENT="Bein" HEIGHT="30" WIDTH="79" VPOS="546" HPOS="827"/><SP WIDTH="17" VPOS="547" HPOS="907"/><String WC="1." CONTENT="hat" HEIGHT="27" WIDTH="56" VPOS="547" HPOS="925"/><SP WIDTH="18" VPOS="549" HPOS="982"/><String WC="1." CONTENT="sich" HEIGHT="30" WIDTH="66" VPOS="546" HPOS="1001"/><SP WIDTH="16" VPOS="547" HPOS="1068"/><String WC="1." CONTENT="in" HEIGHT="28" WIDTH="33" VPOS="547" HPOS="1085"/><SP WIDTH="16" VPOS="557" HPOS="1119"/><String WC="0.9166666865" CONTENT="graziösem" HEIGHT="38" WIDTH="176" VPOS="546" HPOS="1136"/><SP WIDTH="18" VPOS="546" HPOS="1313"/><String WC="0.9485714436" CONTENT="Schwung" HEIGHT="38" WIDTH="156" VPOS="546" HPOS="1332"/><SP WIDTH="16" VPOS="557" HPOS="1489"/><String WC="1." CONTENT="vom" HEIGHT="18" WIDTH="76" VPOS="557" HPOS="1506"/><SP WIDTH="17" VPOS="549" HPOS="1583"/><String WC="1." CONTENT="Boden" HEIGHT="28" WIDTH="109" VPOS="549" HPOS="1601"/><SP WIDTH="16" VPOS="559" HPOS="1711"/><String WC="0.9100000262" CONTENT="erhoben," HEIGHT="33" WIDTH="150" VPOS="550" HPOS="1728"/><SP WIDTH="19" VPOS="559" HPOS="1879"/><String WC="0.8299999833" CONTENT="und" HEIGHT="29" WIDTH="67" VPOS="549" HPOS="1899"/><SP WIDTH="17" VPOS="550" HPOS="1967"/><String WC="0.8149999976" CONTENT="so" HEIGHT="18" WIDTH="34" VPOS="560" HPOS="1985"/><SP WIDTH="17" VPOS="551" HPOS="2020"/><String WC="0.7799999714" CONTENT="flieht" HEIGHT="28" WIDTH="90" VPOS="551" HPOS="2038"/><SP WIDTH="17" VPOS="555" HPOS="2129"/><String WC="1." CONTENT="sie," HEIGHT="33" WIDTH="54" VPOS="553" HPOS="2147"/></TextLine>
<TextLine HEIGHT="45" WIDTH="1380" VPOS="589" HPOS="825"><String WC="0.8645454645" CONTENT="tänzerisch," HEIGHT="35" WIDTH="187" VPOS="591" HPOS="825"/><SP WIDTH="10" VPOS="600" HPOS="1013"/><String WC="0.8633333445" CONTENT="von" HEIGHT="21" WIDTH="63" VPOS="599" HPOS="1024"/><SP WIDTH="8" VPOS="592" HPOS="1088"/><String WC="1." CONTENT="dannen;" HEIGHT="34" WIDTH="141" VPOS="591" HPOS="1097"/><SP WIDTH="8" VPOS="599" HPOS="1239"/><String WC="0.9666666389" CONTENT="gerade" HEIGHT="39" WIDTH="114" VPOS="590" HPOS="1248"/><SP WIDTH="7" VPOS="592" HPOS="1363"/><String WC="1." CONTENT="hier" HEIGHT="28" WIDTH="67" VPOS="591" HPOS="1371"/><SP WIDTH="6" VPOS="591" HPOS="1439"/><String WC="1." CONTENT="ist" HEIGHT="28" WIDTH="42" VPOS="591" HPOS="1446"/><SP WIDTH="9" VPOS="592" HPOS="1489"/><String WC="1." CONTENT="die" HEIGHT="28" WIDTH="50" VPOS="591" HPOS="1499"/><SP WIDTH="8" VPOS="601" HPOS="1550"/><String WC="1." CONTENT="—" HEIGHT="4" WIDTH="41" VPOS="608" HPOS="1559"/><SP WIDTH="6" VPOS="602" HPOS="1601"/><String WC="0.9649999738" CONTENT="auch" HEIGHT="28" WIDTH="81" VPOS="593" HPOS="1608"/><SP WIDTH="9" VPOS="594" HPOS="1690"/><String WC="1." CONTENT="die" HEIGHT="27" WIDTH="49" VPOS="594" HPOS="1700"/><SP WIDTH="9" VPOS="594" HPOS="1750"/><String WC="0.9499999881" CONTENT="Folgezeit" HEIGHT="39" WIDTH="158" VPOS="593" HPOS="1760"/><SP WIDTH="8" VPOS="594" HPOS="1919"/><String WC="0.9845454693" CONTENT="bestimmende" HEIGHT="30" WIDTH="230" VPOS="594" HPOS="1928"/><SP WIDTH="10" VPOS="606" HPOS="2159"/><String WC="1." CONTENT="—" HEIGHT="2" WIDTH="35" VPOS="613" HPOS="2170"/></TextLine>
<TextLine HEIGHT="43" WIDTH="1377" VPOS="633" HPOS="827"><String WC="1." CONTENT="Tradition," HEIGHT="35" WIDTH="175" VPOS="634" HPOS="827"/><SP WIDTH="18" VPOS="635" HPOS="1003"/><String WC="1." CONTENT="die" HEIGHT="30" WIDTH="50" VPOS="634" HPOS="1022"/><SP WIDTH="17" VPOS="635" HPOS="1073"/><String WC="0.8000000119" CONTENT="Daphne" HEIGHT="36" WIDTH="137" VPOS="636" HPOS="1091"/><SP WIDTH="17" VPOS="644" HPOS="1229"/><String WC="0.9449999928" CONTENT="am" HEIGHT="18" WIDTH="53" VPOS="644" HPOS="1247"/><SP WIDTH="16" VPOS="634" HPOS="1301"/><String WC="0.94599998" CONTENT="Boden" HEIGHT="29" WIDTH="110" VPOS="634" HPOS="1318"/><SP WIDTH="16" VPOS="645" HPOS="1429"/><String WC="0.854285717" CONTENT="wurzeln" HEIGHT="27" WIDTH="137" VPOS="636" HPOS="1446"/><SP WIDTH="16" VPOS="636" HPOS="1584"/><String WC="1." CONTENT="läßt," HEIGHT="35" WIDTH="78" VPOS="636" HPOS="1601"/><SP WIDTH="19" VPOS="647" HPOS="1680"/><String WC="0.9210000038" CONTENT="verlassen," HEIGHT="34" WIDTH="170" VPOS="638" HPOS="1700"/><SP WIDTH="18" VPOS="648" HPOS="1871"/><String WC="0.7599999905" CONTENT="um" HEIGHT="19" WIDTH="56" VPOS="647" HPOS="1890"/><SP WIDTH="16" VPOS="638" HPOS="1947"/><String WC="1." CONTENT="das" HEIGHT="28" WIDTH="57" VPOS="638" HPOS="1964"/><SP WIDTH="17" VPOS="638" HPOS="2022"/><String WC="0.9355555773" CONTENT="Flüchtige" HEIGHT="38" WIDTH="164" VPOS="638" HPOS="2040"/></TextLine>
<TextLine HEIGHT="44" WIDTH="1378" VPOS="677" HPOS="827"><String WC="1." CONTENT="mit" HEIGHT="28" WIDTH="59" VPOS="679" HPOS="828"/><SP WIDTH="15" VPOS="681" HPOS="888"/><String WC="0.8700000048" CONTENT="ganzer" HEIGHT="28" WIDTH="115" VPOS="688" HPOS="904"/><SP WIDTH="16" VPOS="678" HPOS="1020"/><String WC="0.8374999762" CONTENT="Zartheit" HEIGHT="31" WIDTH="143" VPOS="677" HPOS="1037"/><SP WIDTH="17" VPOS="682" HPOS="1181"/><String WC="0.9961538315" CONTENT="verlebendigen" HEIGHT="39" WIDTH="243" VPOS="678" HPOS="1199"/><SP WIDTH="16" VPOS="688" HPOS="1443"/><String WC="0.8799999952" CONTENT="zu" HEIGHT="18" WIDTH="39" VPOS="689" HPOS="1460"/><SP WIDTH="16" VPOS="679" HPOS="1500"/><String WC="0.8357142806" CONTENT="können." HEIGHT="30" WIDTH="136" VPOS="679" HPOS="1517"/><SP WIDTH="21" VPOS="680" HPOS="1654"/><String WC="0.9571428299" CONTENT="Solcher" HEIGHT="29" WIDTH="127" VPOS="680" HPOS="1676"/><SP WIDTH="16" VPOS="681" HPOS="1804"/><String WC="0.9376470447" CONTENT="Verfolgungsszenen" HEIGHT="40" WIDTH="325" VPOS="681" HPOS="1820"/><SP WIDTH="15" VPOS="683" HPOS="2146"/><String WC="1." CONTENT="ist" HEIGHT="28" WIDTH="43" VPOS="683" HPOS="2162"/></TextLine>
<TextLine HEIGHT="44" WIDTH="1378" VPOS="721" HPOS="826"><String WC="0.6850000024" CONTENT="ja" HEIGHT="37" WIDTH="33" VPOS="722" HPOS="826"/><SP WIDTH="12" VPOS="722" HPOS="860"/><String WC="1." CONTENT="das" HEIGHT="29" WIDTH="57" VPOS="722" HPOS="873"/><SP WIDTH="11" VPOS="732" HPOS="931"/><String WC="0.9785714149" CONTENT="spätere" HEIGHT="37" WIDTH="124" VPOS="724" HPOS="943"/><SP WIDTH="18" VPOS="722" HPOS="1068"/><String WC="0.8558333516" CONTENT="Quattrocento" HEIGHT="38" WIDTH="232" VPOS="722" HPOS="1087"/><SP WIDTH="12" VPOS="731" HPOS="1320"/><String WC="0.8100000024" CONTENT="voll," HEIGHT="34" WIDTH="74" VPOS="722" HPOS="1333"/><SP WIDTH="13" VPOS="732" HPOS="1408"/><String WC="0.9966666698" CONTENT="und" HEIGHT="27" WIDTH="66" VPOS="723" HPOS="1422"/><SP WIDTH="12" VPOS="723" HPOS="1489"/><String WC="1." CONTENT="so" HEIGHT="19" WIDTH="34" VPOS="732" HPOS="1502"/><SP WIDTH="11" VPOS="723" HPOS="1537"/><String WC="1." CONTENT="ist" HEIGHT="28" WIDTH="41" VPOS="723" HPOS="1549"/><SP WIDTH="13" VPOS="726" HPOS="1591"/><String WC="1." CONTENT="es" HEIGHT="19" WIDTH="33" VPOS="733" HPOS="1605"/><SP WIDTH="12" VPOS="725" HPOS="1639"/><String WC="1." CONTENT="kein" HEIGHT="28" WIDTH="72" VPOS="725" HPOS="1652"/><SP WIDTH="11" VPOS="725" HPOS="1725"/><String WC="0.9042857289" CONTENT="Wunder," HEIGHT="34" WIDTH="151" VPOS="725" HPOS="1737"/><SP WIDTH="14" VPOS="726" HPOS="1889"/><String WC="1." CONTENT="daß" HEIGHT="30" WIDTH="63" VPOS="725" HPOS="1904"/><SP WIDTH="14" VPOS="726" HPOS="1968"/><String WC="0.8633333445" CONTENT="man" HEIGHT="20" WIDTH="75" VPOS="735" HPOS="1983"/><SP WIDTH="11" VPOS="727" HPOS="2059"/><String WC="0.9128571153" CONTENT="formale" HEIGHT="28" WIDTH="133" VPOS="727" HPOS="2071"/></TextLine>
<TextLine HEIGHT="45" WIDTH="1378" VPOS="764" HPOS="827"><String WC="0.9711111188" CONTENT="Vorbilder" HEIGHT="28" WIDTH="165" VPOS="766" HPOS="827"/><SP WIDTH="21" VPOS="776" HPOS="993"/><String WC="1." CONTENT="von" HEIGHT="20" WIDTH="64" VPOS="775" HPOS="1015"/><SP WIDTH="22" VPOS="766" HPOS="1080"/><String WC="0.9316666722" CONTENT="Daphneszenen" HEIGHT="38" WIDTH="251" VPOS="766" HPOS="1103"/><SP WIDTH="21" VPOS="767" HPOS="1355"/><String WC="1." CONTENT="in" HEIGHT="27" WIDTH="33" VPOS="767" HPOS="1377"/><SP WIDTH="22" VPOS="766" HPOS="1411"/><String WC="0.926666677" CONTENT="der" HEIGHT="28" WIDTH="54" VPOS="766" HPOS="1434"/><SP WIDTH="16" VPOS="768" HPOS="1489"/><String WC="1." CONTENT="Art" HEIGHT="27" WIDTH="59" VPOS="768" HPOS="1506"/><SP WIDTH="18" VPOS="768" HPOS="1566"/><String WC="0.9527272582" CONTENT="Pollaiuolos" HEIGHT="29" WIDTH="188" VPOS="768" HPOS="1585"/><SP WIDTH="20" VPOS="769" HPOS="1774"/><String WC="1." CONTENT="in" HEIGHT="29" WIDTH="33" VPOS="769" HPOS="1795"/><SP WIDTH="21" VPOS="780" HPOS="1829"/><String WC="0.9850000143" CONTENT="ganz" HEIGHT="29" WIDTH="81" VPOS="779" HPOS="1851"/><SP WIDTH="22" VPOS="780" HPOS="1933"/><String WC="0.9571428299" CONTENT="anderen" HEIGHT="29" WIDTH="138" VPOS="770" HPOS="1956"/><SP WIDTH="19" VPOS="770" HPOS="2095"/><String WC="1." CONTENT="Sinn" HEIGHT="29" WIDTH="76" VPOS="770" HPOS="2115" SUBS_TYPE="HypPart1" SUBS_CONTENT="Sinnzusammenhängen"/><HYP CONTENT="­"/></TextLine>
<TextLine HEIGHT="44" WIDTH="1380" VPOS="808" HPOS="826"><String WC="0.9414285421" CONTENT="zusammenhängen" HEIGHT="39" WIDTH="309" VPOS="809" HPOS="826" SUBS_TYPE="HypPart2" SUBS_CONTENT="Sinnzusammenhängen"/><SP WIDTH="25" VPOS="811" HPOS="1136"/><String WC="0.8985714316" CONTENT="findet," HEIGHT="36" WIDTH="112" VPOS="809" HPOS="1162"/><SP WIDTH="27" VPOS="819" HPOS="1275"/><String WC="1." CONTENT="wie" HEIGHT="29" WIDTH="57" VPOS="809" HPOS="1303"/><SP WIDTH="21" VPOS="820" HPOS="1361"/><String WC="0.9649999738" CONTENT="z." HEIGHT="19" WIDTH="25" VPOS="820" HPOS="1383"/><SP WIDTH="13" VPOS="811" HPOS="1409"/><String WC="0.7300000191" CONTENT="B." HEIGHT="28" WIDTH="37" VPOS="811" HPOS="1423"/><SP WIDTH="21" VPOS="810" HPOS="1461"/><String WC="1." CONTENT="in" HEIGHT="28" WIDTH="33" VPOS="810" HPOS="1483"/><SP WIDTH="21" VPOS="811" HPOS="1517"/><String WC="1." CONTENT="des" HEIGHT="28" WIDTH="55" VPOS="811" HPOS="1539"/><SP WIDTH="19" VPOS="812" HPOS="1595"/><String WC="0.897272706" CONTENT="Bartolommeo" HEIGHT="30" WIDTH="235" VPOS="812" HPOS="1615"/><SP WIDTH="19" VPOS="814" HPOS="1851"/><String WC="1." CONTENT="di" HEIGHT="28" WIDTH="31" VPOS="814" HPOS="1871"/><SP WIDTH="22" VPOS="813" HPOS="1903"/><String WC="1." CONTENT="Giovanni" HEIGHT="30" WIDTH="158" VPOS="814" HPOS="1926"/><SP WIDTH="26" VPOS="815" HPOS="2085"/><String WC="0.9499999881" CONTENT="Raub" HEIGHT="28" WIDTH="94" VPOS="815" HPOS="2112"/></TextLine>
<TextLine HEIGHT="42" WIDTH="705" VPOS="855" HPOS="1501"><String WC="1." CONTENT="der" HEIGHT="28" WIDTH="54" VPOS="855" HPOS="1501"/><SP WIDTH="44" VPOS="855" HPOS="1556"/><String WC="0.9416666627" CONTENT="Sabinerinnen" HEIGHT="31" WIDTH="228" VPOS="855" HPOS="1601"/><SP WIDTH="37" VPOS="858" HPOS="1830"/><String WC="0.9988889098" CONTENT="(Textabb." HEIGHT="39" WIDTH="168" VPOS="857" HPOS="1868"/><SP WIDTH="30" VPOS="866" HPOS="2037"/><String WC="1." CONTENT="3)," HEIGHT="37" WIDTH="42" VPOS="859" HPOS="2068"/><SP WIDTH="45" VPOS="869" HPOS="2111"/><String WC="0.7400000095" CONTENT="wo" HEIGHT="19" WIDTH="49" VPOS="868" HPOS="2157"/></TextLine>
<TextLine HEIGHT="41" WIDTH="705" VPOS="899" HPOS="1500"><String WC="0.9409999847" CONTENT="eineVerfolgungsszene" HEIGHT="39" WIDTH="372" VPOS="899" HPOS="1500"/><SP WIDTH="16" VPOS="911" HPOS="1873"/><String WC="0.9033333063" CONTENT="rechts" HEIGHT="29" WIDTH="106" VPOS="902" HPOS="1890"/><SP WIDTH="22" VPOS="912" HPOS="1997"/><String WC="0.9649999738" CONTENT="am" HEIGHT="19" WIDTH="54" VPOS="912" HPOS="2020"/><SP WIDTH="18" VPOS="903" HPOS="2075"/><String WC="0.9340000153" CONTENT="Rande" HEIGHT="28" WIDTH="111" VPOS="903" HPOS="2094"/></TextLine>
<TextLine HEIGHT="41" WIDTH="705" VPOS="943" HPOS="1501"><String WC="0.9850000143" CONTENT="ganz" HEIGHT="28" WIDTH="80" VPOS="952" HPOS="1501"/><SP WIDTH="8" VPOS="953" HPOS="1582"/><String WC="1." CONTENT="wie" HEIGHT="29" WIDTH="57" VPOS="943" HPOS="1591"/><SP WIDTH="8" VPOS="954" HPOS="1649"/><String WC="1." CONTENT="eine" HEIGHT="27" WIDTH="68" VPOS="945" HPOS="1658"/><SP WIDTH="6" VPOS="945" HPOS="1727"/><String WC="0.9014285803" CONTENT="Apollo-" HEIGHT="37" WIDTH="126" VPOS="945" HPOS="1734"/><SP WIDTH="6" VPOS="956" HPOS="1861"/><String WC="0.8566666842" CONTENT="und" HEIGHT="29" WIDTH="67" VPOS="946" HPOS="1868"/><SP WIDTH="5" VPOS="947" HPOS="1936"/><String WC="0.9399999976" CONTENT="Daphne-Studie" HEIGHT="38" WIDTH="264" VPOS="946" HPOS="1942"/></TextLine>
<TextLine HEIGHT="37" WIDTH="707" VPOS="986" HPOS="1501"><String WC="0.9800000191" CONTENT="aussieht," HEIGHT="34" WIDTH="151" VPOS="987" HPOS="1501"/><SP WIDTH="16" VPOS="988" HPOS="1652"/><String WC="1." CONTENT="in" HEIGHT="28" WIDTH="34" VPOS="988" HPOS="1668"/><SP WIDTH="17" VPOS="991" HPOS="1702"/><String WC="1." CONTENT="ähnlich" HEIGHT="28" WIDTH="126" VPOS="989" HPOS="1719"/><SP WIDTH="14" VPOS="989" HPOS="1845"/><String WC="0.9758333564" CONTENT="tänzerischer" HEIGHT="29" WIDTH="211" VPOS="989" HPOS="1859"/><SP WIDTH="14" VPOS="991" HPOS="2070"/><String WC="0.9100000262" CONTENT="Durch" HEIGHT="27" WIDTH="109" VPOS="992" HPOS="2084" SUBS_TYPE="HypPart1" SUBS_CONTENT="Durchführung."/><HYP CONTENT="­"/></TextLine>
<TextLine HEIGHT="42" WIDTH="705" VPOS="1029" HPOS="1501"><String WC="0.8562499881" CONTENT="führung." HEIGHT="38" WIDTH="148" VPOS="1030" HPOS="1501" SUBS_TYPE="HypPart2" SUBS_CONTENT="Durchführung."/><String STYLE="superscript" WC="0.25" CONTENT="2" HEIGHT="16" WIDTH="11" VPOS="1031" HPOS="1654"/><String WC="0.8600000143" CONTENT=")" HEIGHT="36" WIDTH="9" VPOS="1032" HPOS="1667"/><SP WIDTH="17" VPOS="1032" HPOS="1677"/><String WC="0.9269999862" CONTENT="(Umgekehrt" HEIGHT="37" WIDTH="207" VPOS="1032" HPOS="1695"/><SP WIDTH="10" VPOS="1033" HPOS="1903"/><String WC="1." CONTENT="ist" HEIGHT="29" WIDTH="42" VPOS="1033" HPOS="1914"/><SP WIDTH="9" VPOS="1034" HPOS="1957"/><String WC="0.9445454478" CONTENT="Botticellis" HEIGHT="29" WIDTH="175" VPOS="1034" HPOS="1967"/><SP WIDTH="7" VPOS="1036" HPOS="2143"/><String WC="1." CONTENT="Ze" HEIGHT="27" WIDTH="41" VPOS="1036" HPOS="2151" SUBS_TYPE="HypPart1" SUBS_CONTENT="Zephir-"/><HYP CONTENT="­"/></TextLine>
<TextLine HEIGHT="42" WIDTH="702" VPOS="1074" HPOS="1503"><String WC="1." CONTENT="phir-" HEIGHT="37" WIDTH="86" VPOS="1074" HPOS="1503" SUBS_TYPE="HypPart2" SUBS_CONTENT="Zephir-"/><SP WIDTH="24" VPOS="1083" HPOS="1590"/><String WC="0.8299999833" CONTENT="und" HEIGHT="28" WIDTH="66" VPOS="1075" HPOS="1615"/><SP WIDTH="17" VPOS="1076" HPOS="1682"/><String WC="0.9018181562" CONTENT="Floragruppe" HEIGHT="37" WIDTH="216" VPOS="1076" HPOS="1700"/><SP WIDTH="17" VPOS="1077" HPOS="1917"/><String WC="0.9750000238" CONTENT="im" HEIGHT="27" WIDTH="45" VPOS="1078" HPOS="1935"/><SP WIDTH="18" VPOS="1087" HPOS="1981"/><String WC="0.9881818295" CONTENT="„Frühling“," HEIGHT="38" WIDTH="205" VPOS="1078" HPOS="2000"/></TextLine>
<TextLine HEIGHT="44" WIDTH="705" VPOS="1116" HPOS="1502"><String WC="1." CONTENT="wie" HEIGHT="29" WIDTH="58" VPOS="1117" HPOS="1502"/><SP WIDTH="32" VPOS="1116" HPOS="1561"/><String WC="0.9157142639" CONTENT="Warburg" HEIGHT="39" WIDTH="158" VPOS="1117" HPOS="1594"/><SP WIDTH="24" VPOS="1129" HPOS="1753"/><String WC="0.9458333254" CONTENT="nachgewiesen" HEIGHT="38" WIDTH="235" VPOS="1120" HPOS="1778"/><SP WIDTH="28" VPOS="1122" HPOS="2014"/><String WC="1." CONTENT="hat" HEIGHT="28" WIDTH="57" VPOS="1122" HPOS="2043"/><String STYLE="superscript" WC="0.3000000119" CONTENT="3" HEIGHT="16" WIDTH="11" VPOS="1123" HPOS="2107"/><String WC="0.8600000143" CONTENT=")," HEIGHT="37" WIDTH="20" VPOS="1123" HPOS="2121"/><SP WIDTH="31" VPOS="1123" HPOS="2142"/><String WC="0.7649999857" CONTENT="in" HEIGHT="28" WIDTH="33" VPOS="1123" HPOS="2174"/></TextLine>
<TextLine HEIGHT="41" WIDTH="705" VPOS="1162" HPOS="1503"><String WC="0.8955555558" CONTENT="Anlehnung" HEIGHT="37" WIDTH="191" VPOS="1162" HPOS="1503"/><SP WIDTH="12" VPOS="1172" HPOS="1695"/><String WC="0.8949999809" CONTENT="an" HEIGHT="18" WIDTH="40" VPOS="1172" HPOS="1708"/><SP WIDTH="14" VPOS="1163" HPOS="1749"/><String WC="0.8960000277" CONTENT="Ovids" HEIGHT="29" WIDTH="99" VPOS="1163" HPOS="1764"/><SP WIDTH="8" VPOS="1165" HPOS="1864"/><String WC="0.9288235307" CONTENT="Daphneschilderung" HEIGHT="39" WIDTH="335" VPOS="1164" HPOS="1873"/></TextLine>
<TextLine HEIGHT="36" WIDTH="706" VPOS="1205" HPOS="1503"><String WC="0.8863636255" CONTENT="entstanden;" HEIGHT="34" WIDTH="207" VPOS="1205" HPOS="1503"/><SP WIDTH="15" VPOS="1216" HPOS="1711"/><String WC="0.9728571177" CONTENT="während" HEIGHT="27" WIDTH="150" VPOS="1208" HPOS="1727"/><SP WIDTH="13" VPOS="1208" HPOS="1878"/><String WC="0.8174999952" CONTENT="also" HEIGHT="29" WIDTH="66" VPOS="1208" HPOS="1892"/><SP WIDTH="9" VPOS="1209" HPOS="1959"/><String WC="1." CONTENT="der" HEIGHT="28" WIDTH="54" VPOS="1209" HPOS="1969"/><SP WIDTH="11" VPOS="1209" HPOS="2024"/><String WC="0.8960000277" CONTENT="Maler" HEIGHT="29" WIDTH="97" VPOS="1209" HPOS="2036"/><SP WIDTH="7" VPOS="1220" HPOS="2134"/><String WC="1." CONTENT="sich" HEIGHT="28" WIDTH="67" VPOS="1210" HPOS="2142"/></TextLine>
<TextLine HEIGHT="41" WIDTH="706" VPOS="1249" HPOS="1504"><String WC="0.8949999809" CONTENT="dort" HEIGHT="28" WIDTH="72" VPOS="1249" HPOS="1504"/><SP WIDTH="19" VPOS="1252" HPOS="1577"/><String WC="1." CONTENT="an" HEIGHT="19" WIDTH="41" VPOS="1259" HPOS="1597"/><SP WIDTH="16" VPOS="1251" HPOS="1639"/><String WC="0.9828571677" CONTENT="ikonographisch" HEIGHT="37" WIDTH="266" VPOS="1251" HPOS="1656"/><SP WIDTH="14" VPOS="1252" HPOS="1923"/><String WC="0.9350000024" CONTENT="fremde" HEIGHT="28" WIDTH="120" VPOS="1253" HPOS="1938"/><SP WIDTH="15" VPOS="1253" HPOS="2059"/><String WC="0.8585714102" CONTENT="Bildfor" HEIGHT="29" WIDTH="121" VPOS="1253" HPOS="2075" SUBS_TYPE="HypPart1" SUBS_CONTENT="Bildformen"/><HYP CONTENT="­"/></TextLine>
<TextLine HEIGHT="37" WIDTH="707" VPOS="1294" HPOS="1503"><String WC="1." CONTENT="men" HEIGHT="18" WIDTH="73" VPOS="1303" HPOS="1503" SUBS_TYPE="HypPart2" SUBS_CONTENT="Bildformen"/><SP WIDTH="12" VPOS="1294" HPOS="1577"/><String WC="0.9933333397" CONTENT="halten" HEIGHT="28" WIDTH="110" VPOS="1294" HPOS="1590"/><SP WIDTH="13" VPOS="1295" HPOS="1701"/><String WC="0.9685714245" CONTENT="konnte," HEIGHT="34" WIDTH="129" VPOS="1295" HPOS="1715"/><SP WIDTH="9" VPOS="1296" HPOS="1845"/><String WC="0.9466666579" CONTENT="hat" HEIGHT="28" WIDTH="57" VPOS="1296" HPOS="1855"/><SP WIDTH="6" VPOS="1299" HPOS="1913"/><String WC="0.9200000167" CONTENT="er" HEIGHT="20" WIDTH="33" VPOS="1305" HPOS="1920"/><SP WIDTH="8" VPOS="1306" HPOS="1954"/><String WC="0.9200000167" CONTENT="sich" HEIGHT="28" WIDTH="67" VPOS="1297" HPOS="1963"/><SP WIDTH="11" VPOS="1297" HPOS="2031"/><String WC="1." CONTENT="hier" HEIGHT="29" WIDTH="68" VPOS="1297" HPOS="2043"/><SP WIDTH="11" VPOS="1307" HPOS="2112"/><String WC="1." CONTENT="eines" HEIGHT="28" WIDTH="86" VPOS="1298" HPOS="2124"/></TextLine>
<TextLine HEIGHT="42" WIDTH="708" VPOS="1337" HPOS="1502"><String WC="0.9542857409" CONTENT="ikonographisch" HEIGHT="38" WIDTH="267" VPOS="1337" HPOS="1502"/><SP WIDTH="8" VPOS="1340" HPOS="1770"/><String WC="0.9957143068" CONTENT="fremden" HEIGHT="29" WIDTH="145" VPOS="1340" HPOS="1779"/><SP WIDTH="11" VPOS="1341" HPOS="1925"/><String WC="0.9945454597" CONTENT="Textgehalts" HEIGHT="38" WIDTH="206" VPOS="1341" HPOS="1937"/><SP WIDTH="12" VPOS="1343" HPOS="2144"/><String WC="1." CONTENT="be" HEIGHT="28" WIDTH="39" VPOS="1343" HPOS="2157" SUBS_TYPE="HypPart1" SUBS_CONTENT="bedient."/><HYP CONTENT="­"/></TextLine>
<TextLine HEIGHT="43" WIDTH="707" VPOS="1381" HPOS="1503"><String WC="1." CONTENT="dient." HEIGHT="28" WIDTH="97" VPOS="1381" HPOS="1503" SUBS_TYPE="HypPart2" SUBS_CONTENT="bedient."/><String STYLE="superscript" WC="0.3100000024" CONTENT="4" HEIGHT="16" WIDTH="13" VPOS="1382" HPOS="1605"/><String WC="1." CONTENT="))" HEIGHT="38" WIDTH="20" VPOS="1382" HPOS="1620"/><SP WIDTH="12" VPOS="1383" HPOS="1641"/><String WC="0.9028571248" CONTENT="Wasaber" HEIGHT="28" WIDTH="157" VPOS="1383" HPOS="1654"/><SP WIDTH="7" VPOS="1384" HPOS="1812"/><String WC="0.9218181968" CONTENT="Pollaiuolos" HEIGHT="29" WIDTH="189" VPOS="1384" HPOS="1820"/><SP WIDTH="8" VPOS="1386" HPOS="2010"/><String WC="0.9922222495" CONTENT="Bildgegen" HEIGHT="39" WIDTH="177" VPOS="1385" HPOS="2019" SUBS_TYPE="HypPart1" SUBS_CONTENT="Bildgegenüber"/><HYP CONTENT="­"/></TextLine>
<TextLine HEIGHT="35" WIDTH="707" VPOS="1425" HPOS="1502"><String WC="0.9775000215" CONTENT="über" HEIGHT="29" WIDTH="79" VPOS="1425" HPOS="1502" SUBS_TYPE="HypPart2" SUBS_CONTENT="Bildgegenüber"/><SP WIDTH="22" VPOS="1435" HPOS="1582"/><String WC="0.9700000286" CONTENT="solchen" HEIGHT="29" WIDTH="127" VPOS="1426" HPOS="1605"/><SP WIDTH="21" VPOS="1427" HPOS="1733"/><String WC="0.9549999833" CONTENT="Szenen" HEIGHT="29" WIDTH="120" VPOS="1427" HPOS="1755"/><SP WIDTH="18" VPOS="1438" HPOS="1876"/><String WC="1." CONTENT="—" HEIGHT="4" WIDTH="39" VPOS="1445" HPOS="1895"/><SP WIDTH="16" VPOS="1439" HPOS="1935"/><String WC="0.9750000238" CONTENT="zu" HEIGHT="18" WIDTH="40" VPOS="1439" HPOS="1952"/><SP WIDTH="22" VPOS="1430" HPOS="1993"/><String WC="0.9499999881" CONTENT="denen" HEIGHT="29" WIDTH="103" VPOS="1430" HPOS="2016"/><SP WIDTH="22" VPOS="1440" HPOS="2120"/><String WC="1." CONTENT="sich" HEIGHT="29" WIDTH="66" VPOS="1431" HPOS="2143"/></TextLine>
<TextLine HEIGHT="46" WIDTH="1387" VPOS="1467" HPOS="825"><String WC="1." CONTENT="etwa" HEIGHT="27" WIDTH="83" VPOS="1470" HPOS="825"/><SP WIDTH="17" VPOS="1477" HPOS="909"/><String WC="0.8274999857" CONTENT="noch" HEIGHT="28" WIDTH="82" VPOS="1468" HPOS="927"/><SP WIDTH="13" VPOS="1468" HPOS="1010"/><String WC="1." CONTENT="die" HEIGHT="29" WIDTH="50" VPOS="1468" HPOS="1024"/><SP WIDTH="15" VPOS="1478" HPOS="1075"/><String WC="0.8100000024" CONTENT="oben" HEIGHT="30" WIDTH="84" VPOS="1468" HPOS="1091"/><SP WIDTH="14" VPOS="1469" HPOS="1176"/><String WC="0.8933333158" CONTENT="besprochenen" HEIGHT="38" WIDTH="236" VPOS="1469" HPOS="1191"/><SP WIDTH="11" VPOS="1470" HPOS="1428"/><String WC="0.8789473772" CONTENT="Petrarca-Miniaturen" HEIGHT="30" WIDTH="358" VPOS="1470" HPOS="1440"/><SP WIDTH="18" VPOS="1472" HPOS="1799"/><String WC="0.9499999881" CONTENT="(s." HEIGHT="37" WIDTH="35" VPOS="1472" HPOS="1818"/><SP WIDTH="14" VPOS="1473" HPOS="1854"/><String WC="1." CONTENT="Abb." HEIGHT="29" WIDTH="82" VPOS="1472" HPOS="1869"/><SP WIDTH="17" VPOS="1482" HPOS="1952"/><String WC="0.8650000095" CONTENT="1)" HEIGHT="38" WIDTH="27" VPOS="1473" HPOS="1970"/><SP WIDTH="20" VPOS="1473" HPOS="1998"/><String WC="0.9437500238" CONTENT="gesellen" HEIGHT="38" WIDTH="135" VPOS="1474" HPOS="2019"/><SP WIDTH="15" VPOS="1485" HPOS="2155"/><String WC="1." CONTENT="—" HEIGHT="3" WIDTH="41" VPOS="1493" HPOS="2171"/></TextLine>
<TextLine HEIGHT="46" WIDTH="1384" VPOS="1511" HPOS="826"><String WC="0.8924999833" CONTENT="auszeichnet," HEIGHT="35" WIDTH="211" VPOS="1512" HPOS="826"/><SP WIDTH="16" VPOS="1511" HPOS="1038"/><String WC="0.9766666889" CONTENT="ist" HEIGHT="30" WIDTH="43" VPOS="1511" HPOS="1055"/><SP WIDTH="24" VPOS="1512" HPOS="1099"/><String WC="0.9566666484" CONTENT="die" HEIGHT="29" WIDTH="51" VPOS="1513" HPOS="1124"/><SP WIDTH="23" VPOS="1523" HPOS="1176"/><String WC="1." CONTENT="viel" HEIGHT="28" WIDTH="63" VPOS="1513" HPOS="1200"/><SP WIDTH="16" VPOS="1514" HPOS="1264"/><String WC="0.9637500048" CONTENT="stärkere" HEIGHT="29" WIDTH="141" VPOS="1513" HPOS="1281"/><SP WIDTH="21" VPOS="1514" HPOS="1423"/><String WC="0.9713333249" CONTENT="Zusammenfassung" HEIGHT="40" WIDTH="381" VPOS="1514" HPOS="1445"/><SP WIDTH="21" VPOS="1517" HPOS="1827"/><String WC="1." CONTENT="der" HEIGHT="28" WIDTH="55" VPOS="1517" HPOS="1849"/><SP WIDTH="24" VPOS="1516" HPOS="1905"/><String WC="1." CONTENT="beiden" HEIGHT="29" WIDTH="113" VPOS="1517" HPOS="1930"/><SP WIDTH="18" VPOS="1519" HPOS="2044"/><String WC="0.9762499928" CONTENT="Figuren," HEIGHT="38" WIDTH="147" VPOS="1519" HPOS="2063"/></TextLine>
<TextLine HEIGHT="37" WIDTH="1298" VPOS="1582" HPOS="909"><String WC="1." CONTENT="1)" HEIGHT="29" WIDTH="22" VPOS="1584" HPOS="909"/><SP WIDTH="23" VPOS="1584" HPOS="932"/><String WC="0.6930000186" CONTENT="Schubring," HEIGHT="30" WIDTH="161" VPOS="1583" HPOS="956"/><SP WIDTH="26" VPOS="1584" HPOS="1118"/><String WC="0.8114285469" CONTENT="Cassoni" HEIGHT="23" WIDTH="115" VPOS="1584" HPOS="1145"/><SP WIDTH="23" VPOS="1584" HPOS="1261"/><String WC="0.9333333373" CONTENT="Nr." HEIGHT="22" WIDTH="48" VPOS="1584" HPOS="1285"/><SP WIDTH="16" VPOS="1590" HPOS="1334"/><String WC="0.8650000095" CONTENT="334." HEIGHT="23" WIDTH="58" VPOS="1591" HPOS="1351"/><SP WIDTH="31" VPOS="1585" HPOS="1410"/><String WC="0.7450000048" CONTENT="National" HEIGHT="23" WIDTH="134" VPOS="1584" HPOS="1442"/><SP WIDTH="30" VPOS="1585" HPOS="1577"/><String WC="0.8514285684" CONTENT="Gallery" HEIGHT="31" WIDTH="111" VPOS="1585" HPOS="1608"/><SP WIDTH="28" VPOS="1587" HPOS="1720"/><String WC="0.6850000024" CONTENT="London" HEIGHT="23" WIDTH="116" VPOS="1587" HPOS="1749"/><SP WIDTH="25" VPOS="1587" HPOS="1866"/><String WC="0.8199999928" CONTENT="Nr." HEIGHT="24" WIDTH="48" VPOS="1587" HPOS="1892"/><SP WIDTH="10" VPOS="1596" HPOS="1941"/><String WC="0.7724999785" CONTENT="928," HEIGHT="27" WIDTH="60" VPOS="1590" HPOS="1952"/><SP WIDTH="26" VPOS="1597" HPOS="2013"/><String WC="0.4099999964" CONTENT="28" HEIGHT="22" WIDTH="33" VPOS="1590" HPOS="2040"/><SP WIDTH="7" VPOS="1590" HPOS="2074"/><String WC="0.5" CONTENT="x19" HEIGHT="20" WIDTH="62" VPOS="1597" HPOS="2082"/><SP WIDTH="9" VPOS="1597" HPOS="2145"/><String WC="0.4799999893" CONTENT="cm." HEIGHT="17" WIDTH="52" VPOS="1597" HPOS="2155"/></TextLine>
<TextLine HEIGHT="37" WIDTH="1384" VPOS="1618" HPOS="825"><String WC="0.6533333063" CONTENT="Apollo" HEIGHT="30" WIDTH="99" VPOS="1619" HPOS="825"/><SP WIDTH="6" VPOS="1619" HPOS="925"/><String WC="0.6316666603" CONTENT="karmin" HEIGHT="22" WIDTH="109" VPOS="1619" HPOS="932"/><SP WIDTH="12" VPOS="1626" HPOS="1042"/><String WC="0.4633333385" CONTENT="und" HEIGHT="23" WIDTH="57" VPOS="1619" HPOS="1055"/><SP WIDTH="6" VPOS="1620" HPOS="1113"/><String WC="0.8218749762" CONTENT="dunkelolivbraun," HEIGHT="26" WIDTH="258" VPOS="1619" HPOS="1120"/><SP WIDTH="9" VPOS="1620" HPOS="1379"/><String WC="0.6783333421" CONTENT="Daphne" HEIGHT="30" WIDTH="118" VPOS="1620" HPOS="1389"/><SP WIDTH="5" VPOS="1620" HPOS="1508"/><String WC="0.7910000086" CONTENT="dunkelblau" HEIGHT="24" WIDTH="168" VPOS="1620" HPOS="1514"/><SP WIDTH="7" VPOS="1629" HPOS="1683"/><String WC="0.9466666579" CONTENT="mit" HEIGHT="23" WIDTH="52" VPOS="1621" HPOS="1691"/><SP WIDTH="6" VPOS="1623" HPOS="1744"/><String WC="0.7666666508" CONTENT="hellen" HEIGHT="23" WIDTH="89" VPOS="1622" HPOS="1751"/><SP WIDTH="7" VPOS="1623" HPOS="1841"/><String WC="0.6888889074" CONTENT="Lichtern." HEIGHT="25" WIDTH="137" VPOS="1622" HPOS="1849"/><SP WIDTH="9" VPOS="1625" HPOS="1987"/><String WC="0.7549999952" CONTENT="Eine" HEIGHT="22" WIDTH="69" VPOS="1625" HPOS="1997"/><SP WIDTH="5" VPOS="1626" HPOS="2067"/><String WC="0.5985714197" CONTENT="komisch" HEIGHT="24" WIDTH="123" VPOS="1625" HPOS="2073" SUBS_TYPE="HypPart1" SUBS_CONTENT="komischplumpe"/><HYP CONTENT="­"/></TextLine>
<TextLine HEIGHT="37" WIDTH="1382" VPOS="1653" HPOS="825"><String WC="0.7616666555" CONTENT="plumpe" HEIGHT="30" WIDTH="113" VPOS="1654" HPOS="825" SUBS_TYPE="HypPart2" SUBS_CONTENT="komischplumpe"/><SP WIDTH="14" VPOS="1654" HPOS="939"/><String WC="0.8980000019" CONTENT="freie" HEIGHT="23" WIDTH="67" VPOS="1653" HPOS="954"/><SP WIDTH="15" VPOS="1655" HPOS="1022"/><String WC="0.9399999976" CONTENT="Kopie" HEIGHT="31" WIDTH="90" VPOS="1654" HPOS="1038"/><SP WIDTH="20" VPOS="1662" HPOS="1129"/><String WC="0.5233333111" CONTENT="von" HEIGHT="15" WIDTH="59" VPOS="1662" HPOS="1150"/><SP WIDTH="13" VPOS="1655" HPOS="1210"/><String WC="0.603333354" CONTENT="Erhard" HEIGHT="22" WIDTH="108" VPOS="1654" HPOS="1224"/><SP WIDTH="17" VPOS="1654" HPOS="1333"/><String WC="0.8840000033" CONTENT="Schön" HEIGHT="23" WIDTH="91" VPOS="1655" HPOS="1351"/><SP WIDTH="16" VPOS="1655" HPOS="1443"/><String WC="0.8662499785" CONTENT="(datiert" HEIGHT="29" WIDTH="113" VPOS="1655" HPOS="1460"/><SP WIDTH="17" VPOS="1657" HPOS="1574"/><String WC="0.6259999871" CONTENT="1525," HEIGHT="23" WIDTH="73" VPOS="1662" HPOS="1592"/><SP WIDTH="18" VPOS="1657" HPOS="1666"/><String WC="0.7983333468" CONTENT="Paris," HEIGHT="26" WIDTH="84" VPOS="1657" HPOS="1685"/><SP WIDTH="16" VPOS="1658" HPOS="1770"/><String WC="0.6933333278" CONTENT="Ec." HEIGHT="22" WIDTH="47" VPOS="1658" HPOS="1787"/><SP WIDTH="17" VPOS="1658" HPOS="1835"/><String WC="1." CONTENT="d." HEIGHT="23" WIDTH="25" VPOS="1658" HPOS="1853"/><SP WIDTH="18" VPOS="1659" HPOS="1879"/><String WC="1." CONTENT="B." HEIGHT="22" WIDTH="30" VPOS="1659" HPOS="1898"/><SP WIDTH="12" VPOS="1661" HPOS="1929"/><String WC="1." CONTENT="A.," HEIGHT="25" WIDTH="42" VPOS="1661" HPOS="1942"/><SP WIDTH="16" VPOS="1660" HPOS="1985"/><String WC="0.8679999709" CONTENT="Coli." HEIGHT="22" WIDTH="66" VPOS="1660" HPOS="2002"/><SP WIDTH="16" VPOS="1661" HPOS="2069"/><String WC="0.7557142973" CONTENT="Masson)" HEIGHT="29" WIDTH="121" VPOS="1661" HPOS="2086"/></TextLine>
<TextLine HEIGHT="38" WIDTH="1383" VPOS="1688" HPOS="825"><String WC="0.6066666842" CONTENT="unterschlägt" HEIGHT="29" WIDTH="191" VPOS="1689" HPOS="825"/><SP WIDTH="12" VPOS="1691" HPOS="1017"/><String WC="0.853333354" CONTENT="gerade" HEIGHT="30" WIDTH="99" VPOS="1690" HPOS="1030"/><SP WIDTH="19" VPOS="1691" HPOS="1130"/><String WC="0.896666646" CONTENT="die" HEIGHT="21" WIDTH="45" VPOS="1691" HPOS="1150"/><SP WIDTH="12" VPOS="1697" HPOS="1196"/><String WC="0.8100000024" CONTENT="wesentlichen" HEIGHT="24" WIDTH="194" VPOS="1689" HPOS="1209"/><SP WIDTH="13" VPOS="1691" HPOS="1404"/><String WC="0.7574999928" CONTENT="Züge" HEIGHT="29" WIDTH="72" VPOS="1691" HPOS="1418"/><SP WIDTH="13" VPOS="1691" HPOS="1491"/><String WC="0.8999999762" CONTENT="des" HEIGHT="22" WIDTH="47" VPOS="1691" HPOS="1505"/><SP WIDTH="13" VPOS="1691" HPOS="1553"/><String WC="0.7369999886" CONTENT="Originals:" HEIGHT="30" WIDTH="148" VPOS="1691" HPOS="1567"/><SP WIDTH="14" VPOS="1693" HPOS="1716"/><String WC="1." CONTENT="das" HEIGHT="22" WIDTH="50" VPOS="1693" HPOS="1731"/><SP WIDTH="12" VPOS="1694" HPOS="1782"/><String WC="0.674444437" CONTENT="Laufmotiv" HEIGHT="24" WIDTH="161" VPOS="1693" HPOS="1795"/><SP WIDTH="12" VPOS="1695" HPOS="1957"/><String WC="0.8299999833" CONTENT="beider" HEIGHT="23" WIDTH="94" VPOS="1695" HPOS="1970"/><SP WIDTH="12" VPOS="1696" HPOS="2065"/><String WC="0.8174999952" CONTENT="Figuren;" HEIGHT="30" WIDTH="130" VPOS="1696" HPOS="2078"/></TextLine>
<TextLine HEIGHT="38" WIDTH="1385" VPOS="1724" HPOS="826"><String WC="0.6471428275" CONTENT="dagegen" HEIGHT="29" WIDTH="123" VPOS="1725" HPOS="826"/><SP WIDTH="11" VPOS="1724" HPOS="950"/><String WC="0.7900000215" CONTENT="ist" HEIGHT="22" WIDTH="38" VPOS="1724" HPOS="962"/><SP WIDTH="12" VPOS="1725" HPOS="1001"/><String WC="0.9850000143" CONTENT="in" HEIGHT="22" WIDTH="29" VPOS="1725" HPOS="1014"/><SP WIDTH="12" VPOS="1725" HPOS="1044"/><String WC="0.6850000024" CONTENT="ihr," HEIGHT="27" WIDTH="51" VPOS="1725" HPOS="1057"/><SP WIDTH="15" VPOS="1726" HPOS="1109"/><String WC="0.896666646" CONTENT="der" HEIGHT="22" WIDTH="50" VPOS="1726" HPOS="1125"/><SP WIDTH="12" VPOS="1732" HPOS="1176"/><String WC="0.6850000024" CONTENT="späteren" HEIGHT="29" WIDTH="129" VPOS="1726" HPOS="1189"/><SP WIDTH="14" VPOS="1725" HPOS="1319"/><String WC="0.7753333449" CONTENT="Entstehungszeit" HEIGHT="30" WIDTH="246" VPOS="1725" HPOS="1334"/><SP WIDTH="13" VPOS="1728" HPOS="1581"/><String WC="0.8633333445" CONTENT="gemäß," HEIGHT="29" WIDTH="107" VPOS="1727" HPOS="1595"/><SP WIDTH="22" VPOS="1728" HPOS="1703"/><String WC="0.6866666675" CONTENT="das" HEIGHT="23" WIDTH="50" VPOS="1728" HPOS="1726"/><SP WIDTH="12" VPOS="1729" HPOS="1777"/><String WC="0.7147058845" CONTENT="Verwandlungsmotiv" HEIGHT="32" WIDTH="309" VPOS="1728" HPOS="1790"/><SP WIDTH="12" VPOS="1731" HPOS="2100"/><String WC="0.8349999785" CONTENT="in" HEIGHT="22" WIDTH="29" VPOS="1731" HPOS="2113"/><SP WIDTH="13" VPOS="1732" HPOS="2143"/><String WC="1." CONTENT="den" HEIGHT="24" WIDTH="54" VPOS="1732" HPOS="2157"/></TextLine>
<TextLine HEIGHT="38" WIDTH="1386" VPOS="1759" HPOS="826"><String WC="0.6039999723" CONTENT="Armen" HEIGHT="22" WIDTH="103" VPOS="1761" HPOS="826"/><SP WIDTH="16" VPOS="1768" HPOS="930"/><String WC="0.6592307687" CONTENT="„organischer“" HEIGHT="31" WIDTH="213" VPOS="1759" HPOS="947"/><SP WIDTH="23" VPOS="1760" HPOS="1161"/><String WC="0.7791666389" CONTENT="durchgeführt" HEIGHT="30" WIDTH="199" VPOS="1760" HPOS="1185"/><SP WIDTH="15" VPOS="1763" HPOS="1385"/><String WC="0.6166666746" CONTENT="als" HEIGHT="23" WIDTH="40" VPOS="1761" HPOS="1401"/><SP WIDTH="15" VPOS="1762" HPOS="1442"/><String WC="0.6600000262" CONTENT="bei" HEIGHT="22" WIDTH="44" VPOS="1761" HPOS="1458"/><SP WIDTH="16" VPOS="1761" HPOS="1503"/><String WC="0.9100000262" CONTENT="Pollaiuolo." HEIGHT="24" WIDTH="160" VPOS="1761" HPOS="1520"/><SP WIDTH="17" VPOS="1763" HPOS="1681"/><String WC="0.6399999857" CONTENT="Eine" HEIGHT="23" WIDTH="69" VPOS="1763" HPOS="1699"/><SP WIDTH="15" VPOS="1767" HPOS="1769"/><String WC="0.6442857385" CONTENT="ähnlich" HEIGHT="23" WIDTH="112" VPOS="1764" HPOS="1785"/><SP WIDTH="15" VPOS="1765" HPOS="1898"/><String WC="0.8076922894" CONTENT="umfangreiche," HEIGHT="31" WIDTH="212" VPOS="1764" HPOS="1914"/><SP WIDTH="18" VPOS="1774" HPOS="2127"/><String WC="0.7599999905" CONTENT="aber" HEIGHT="24" WIDTH="66" VPOS="1767" HPOS="2146"/></TextLine>
<TextLine HEIGHT="40" WIDTH="1385" VPOS="1794" HPOS="826"><String WC="0.8130000234" CONTENT="ornamental" HEIGHT="23" WIDTH="174" VPOS="1795" HPOS="826"/><SP WIDTH="10" VPOS="1795" HPOS="1001"/><String WC="0.795555532" CONTENT="erstarrte" HEIGHT="22" WIDTH="130" VPOS="1797" HPOS="1012"/><SP WIDTH="12" VPOS="1797" HPOS="1143"/><String WC="0.678571403" CONTENT="Bildung" HEIGHT="29" WIDTH="121" VPOS="1796" HPOS="1156"/><SP WIDTH="18" VPOS="1802" HPOS="1278"/><String WC="0.6366666555" CONTENT="nehmen" HEIGHT="23" WIDTH="118" VPOS="1796" HPOS="1297"/><SP WIDTH="11" VPOS="1797" HPOS="1416"/><String WC="1." CONTENT="die" HEIGHT="23" WIDTH="43" VPOS="1796" HPOS="1428"/><SP WIDTH="11" VPOS="1797" HPOS="1472"/><String WC="0.7811111212" CONTENT="Baumteile" HEIGHT="23" WIDTH="156" VPOS="1797" HPOS="1484"/><SP WIDTH="10" VPOS="1806" HPOS="1641"/><String WC="0.7699999809" CONTENT="von" HEIGHT="16" WIDTH="56" VPOS="1805" HPOS="1652"/><SP WIDTH="11" VPOS="1799" HPOS="1709"/><String WC="0.7288888693" CONTENT="Peruginos" HEIGHT="30" WIDTH="149" VPOS="1799" HPOS="1721"/><SP WIDTH="11" VPOS="1807" HPOS="1871"/><String WC="0.5950000286" CONTENT="ganz" HEIGHT="23" WIDTH="69" VPOS="1807" HPOS="1883"/><SP WIDTH="11" VPOS="1809" HPOS="1953"/><String WC="0.8228571415" CONTENT="nackter" HEIGHT="22" WIDTH="115" VPOS="1801" HPOS="1965"/><SP WIDTH="11" VPOS="1802" HPOS="2081"/><String WC="0.6683333516" CONTENT="Daphne" HEIGHT="32" WIDTH="118" VPOS="1802" HPOS="2093"/></TextLine>
<TextLine HEIGHT="37" WIDTH="1383" VPOS="1829" HPOS="826"><String WC="0.9599999785" CONTENT="im" HEIGHT="22" WIDTH="38" VPOS="1831" HPOS="826"/><SP WIDTH="19" VPOS="1831" HPOS="865"/><String WC="0.7454545498" CONTENT="Hintergrund" HEIGHT="30" WIDTH="190" VPOS="1830" HPOS="885"/><SP WIDTH="18" VPOS="1832" HPOS="1076"/><String WC="0.7933333516" CONTENT="seiner" HEIGHT="23" WIDTH="91" VPOS="1831" HPOS="1095"/><SP WIDTH="19" VPOS="1831" HPOS="1187"/><String WC="0.8084999919" CONTENT="Keuschheitsallegorie" HEIGHT="31" WIDTH="312" VPOS="1830" HPOS="1207"/><SP WIDTH="25" VPOS="1832" HPOS="1520"/><String WC="0.7666666508" CONTENT="für" HEIGHT="23" WIDTH="44" VPOS="1832" HPOS="1546"/><SP WIDTH="18" VPOS="1833" HPOS="1591"/><String WC="0.6837499738" CONTENT="Isabella" HEIGHT="25" WIDTH="118" VPOS="1832" HPOS="1610"/><SP WIDTH="21" VPOS="1834" HPOS="1729"/><String WC="0.6585714221" CONTENT="Gonzaga" HEIGHT="30" WIDTH="130" VPOS="1834" HPOS="1751"/><SP WIDTH="18" VPOS="1842" HPOS="1882"/><String WC="0.6449999809" CONTENT="an" HEIGHT="16" WIDTH="36" VPOS="1843" HPOS="1901"/><SP WIDTH="20" VPOS="1837" HPOS="1938"/><String WC="0.7799999714" CONTENT="(1505" HEIGHT="28" WIDTH="77" VPOS="1837" HPOS="1959"/><SP WIDTH="19" VPOS="1843" HPOS="2037"/><String WC="0.8299999833" CONTENT="vollendet;" HEIGHT="27" WIDTH="152" VPOS="1837" HPOS="2057"/></TextLine>
<TextLine HEIGHT="39" WIDTH="1385" VPOS="1865" HPOS="826"><String WC="0.8588888645" CONTENT="Foerster," HEIGHT="26" WIDTH="133" VPOS="1866" HPOS="826"/><SP WIDTH="16" VPOS="1866" HPOS="960"/><String WC="1." CONTENT="Jb." HEIGHT="29" WIDTH="44" VPOS="1866" HPOS="977"/><SP WIDTH="13" VPOS="1866" HPOS="1022"/><String WC="1." CONTENT="d." HEIGHT="23" WIDTH="26" VPOS="1866" HPOS="1036"/><SP WIDTH="12" VPOS="1874" HPOS="1063"/><String WC="0.6800000072" CONTENT="pr." HEIGHT="22" WIDTH="40" VPOS="1874" HPOS="1076"/><SP WIDTH="12" VPOS="1867" HPOS="1117"/><String WC="0.78285712" CONTENT="Kunsts." HEIGHT="22" WIDTH="116" VPOS="1867" HPOS="1130"/><SP WIDTH="15" VPOS="1874" HPOS="1247"/><String WC="0.8519999981" CONTENT="1901," HEIGHT="21" WIDTH="75" VPOS="1873" HPOS="1263"/><SP WIDTH="18" VPOS="1873" HPOS="1339"/><String WC="0.7537500262" CONTENT="iö4ff.)," HEIGHT="29" WIDTH="108" VPOS="1867" HPOS="1358"/><SP WIDTH="9" VPOS="1875" HPOS="1466"/><String WC="0.7649999857" CONTENT="wo" HEIGHT="16" WIDTH="42" VPOS="1874" HPOS="1476"/><SP WIDTH="8" VPOS="1867" HPOS="1519"/><String WC="0.7149999738" CONTENT="freilich" HEIGHT="23" WIDTH="108" VPOS="1867" HPOS="1527"/><SP WIDTH="5" VPOS="1869" HPOS="1635"/><String WC="0.7674999833" CONTENT="eine" HEIGHT="23" WIDTH="60" VPOS="1869" HPOS="1641"/><SP WIDTH="5" VPOS="1870" HPOS="1702"/><String WC="0.7666666508" CONTENT="höchst" HEIGHT="22" WIDTH="99" VPOS="1870" HPOS="1708"/><SP WIDTH="5" VPOS="1872" HPOS="1808"/><String WC="0.7938461304" CONTENT="phlegmatische" HEIGHT="30" WIDTH="216" VPOS="1871" HPOS="1814"/><SP WIDTH="6" VPOS="1872" HPOS="2031"/><String WC="0.8587499857" CONTENT="Umarmung" HEIGHT="32" WIDTH="172" VPOS="1872" HPOS="2038"/></TextLine>
<TextLine HEIGHT="34" WIDTH="944" VPOS="1901" HPOS="826"><String WC="0.6140000224" CONTENT="durch" HEIGHT="22" WIDTH="87" VPOS="1901" HPOS="826"/><SP WIDTH="14" VPOS="1901" HPOS="914"/><String WC="0.7733333111" CONTENT="den" HEIGHT="22" WIDTH="54" VPOS="1901" HPOS="929"/><SP WIDTH="14" VPOS="1902" HPOS="984"/><String WC="0.9255555272" CONTENT="knieenden" HEIGHT="24" WIDTH="157" VPOS="1901" HPOS="999"/><SP WIDTH="14" VPOS="1903" HPOS="1157"/><String WC="0.678571403" CONTENT="Apollo," HEIGHT="30" WIDTH="107" VPOS="1902" HPOS="1172"/><SP WIDTH="17" VPOS="1902" HPOS="1280"/><String WC="0.8880000114" CONTENT="keine" HEIGHT="23" WIDTH="80" VPOS="1902" HPOS="1298"/><SP WIDTH="22" VPOS="1903" HPOS="1379"/><String WC="0.9716666937" CONTENT="Flucht" HEIGHT="22" WIDTH="99" VPOS="1903" HPOS="1402"/><SP WIDTH="16" VPOS="1903" HPOS="1502"/><String WC="0.8199999928" CONTENT="dargestellt" HEIGHT="31" WIDTH="160" VPOS="1903" HPOS="1519"/><SP WIDTH="13" VPOS="1907" HPOS="1680"/><String WC="0.8740000129" CONTENT="wird." HEIGHT="23" WIDTH="76" VPOS="1905" HPOS="1694"/></TextLine>
<TextLine HEIGHT="37" WIDTH="1303" VPOS="1936" HPOS="906"><String WC="0.4799999893" CONTENT="2)" HEIGHT="29" WIDTH="25" VPOS="1936" HPOS="906"/><SP WIDTH="20" VPOS="1936" HPOS="932"/><String WC="0.6719999909" CONTENT="Schubring," HEIGHT="31" WIDTH="163" VPOS="1936" HPOS="953"/><SP WIDTH="26" VPOS="1937" HPOS="1117"/><String WC="0.7120000124" CONTENT="Dante" HEIGHT="23" WIDTH="94" VPOS="1937" HPOS="1144"/><SP WIDTH="25" VPOS="1945" HPOS="1239"/><String WC="0.8500000238" CONTENT="und" HEIGHT="22" WIDTH="57" VPOS="1937" HPOS="1265"/><SP WIDTH="25" VPOS="1937" HPOS="1323"/><String WC="0.8166666627" CONTENT="die" HEIGHT="22" WIDTH="44" VPOS="1938" HPOS="1349"/><SP WIDTH="27" VPOS="1945" HPOS="1394"/><String WC="0.812142849" CONTENT="mythologischen" HEIGHT="33" WIDTH="239" VPOS="1938" HPOS="1422"/><SP WIDTH="20" VPOS="1941" HPOS="1662"/><String WC="0.9033333063" CONTENT="Bilder" HEIGHT="22" WIDTH="94" VPOS="1941" HPOS="1683"/><SP WIDTH="20" VPOS="1941" HPOS="1778"/><String WC="0.8700000048" CONTENT="des" HEIGHT="22" WIDTH="48" VPOS="1941" HPOS="1799"/><SP WIDTH="23" VPOS="1941" HPOS="1848"/><String WC="0.7461538315" CONTENT="Quattrocento," HEIGHT="31" WIDTH="209" VPOS="1941" HPOS="1872"/><SP WIDTH="23" VPOS="1943" HPOS="2082"/><String WC="0.7883333564" CONTENT="Dante-" HEIGHT="24" WIDTH="103" VPOS="1943" HPOS="2106"/></TextLine>
<TextLine HEIGHT="37" WIDTH="1380" VPOS="1971" HPOS="829"><String WC="0.6949999928" CONTENT="Jahrbuch" HEIGHT="31" WIDTH="143" VPOS="1971" HPOS="829"/><SP WIDTH="9" VPOS="1972" HPOS="973"/><String WC="0.8299999833" CONTENT="X," HEIGHT="26" WIDTH="35" VPOS="1972" HPOS="983"/><SP WIDTH="14" VPOS="1979" HPOS="1019"/><String WC="0.6942856908" CONTENT="i85ff.," HEIGHT="30" WIDTH="94" VPOS="1972" HPOS="1034"/><SP WIDTH="18" VPOS="1973" HPOS="1129"/><String WC="0.75" CONTENT="Abb." HEIGHT="22" WIDTH="73" VPOS="1973" HPOS="1148"/><SP WIDTH="11" VPOS="1980" HPOS="1222"/><String WC="0.7766666412" CONTENT="2a." HEIGHT="15" WIDTH="45" VPOS="1980" HPOS="1234"/><SP WIDTH="11" VPOS="1973" HPOS="1280"/><String WC="0.8450000286" CONTENT="Nahe" HEIGHT="23" WIDTH="80" VPOS="1973" HPOS="1292"/><SP WIDTH="9" VPOS="1981" HPOS="1373"/><String WC="0.8324999809" CONTENT="verwandt" HEIGHT="22" WIDTH="144" VPOS="1974" HPOS="1383"/><SP WIDTH="11" VPOS="1975" HPOS="1528"/><String WC="0.8249999881" CONTENT="z." HEIGHT="14" WIDTH="21" VPOS="1982" HPOS="1540"/><SP WIDTH="12" VPOS="1975" HPOS="1562"/><String WC="1." CONTENT="B." HEIGHT="21" WIDTH="30" VPOS="1975" HPOS="1575"/><SP WIDTH="12" VPOS="1975" HPOS="1606"/><String WC="0.8733333349" CONTENT="die" HEIGHT="25" WIDTH="44" VPOS="1974" HPOS="1619"/><SP WIDTH="10" VPOS="1977" HPOS="1664"/><String WC="0.771666646" CONTENT="Daphne-Szene" HEIGHT="29" WIDTH="218" VPOS="1977" HPOS="1675"/><SP WIDTH="9" VPOS="1984" HPOS="1894"/><String WC="0.7220000029" CONTENT="einer" HEIGHT="24" WIDTH="74" VPOS="1976" HPOS="1904"/><SP WIDTH="9" VPOS="1977" HPOS="1979"/><String WC="0.7184615135" CONTENT="lombardischen" HEIGHT="25" WIDTH="220" VPOS="1977" HPOS="1989"/></TextLine>
<TextLine HEIGHT="37" WIDTH="1327" VPOS="2006" HPOS="827"><String WC="0.9237499833" CONTENT="Plakette" HEIGHT="23" WIDTH="128" VPOS="2006" HPOS="827"/><SP WIDTH="18" VPOS="2007" HPOS="956"/><String WC="0.7537500262" CONTENT="(Berlin," HEIGHT="30" WIDTH="111" VPOS="2007" HPOS="975"/><SP WIDTH="26" VPOS="2009" HPOS="1087"/><String WC="1." CONTENT="Kat." HEIGHT="21" WIDTH="67" VPOS="2009" HPOS="1114"/><SP WIDTH="11" VPOS="2008" HPOS="1182"/><String WC="0.6000000238" CONTENT="Bange" HEIGHT="29" WIDTH="95" VPOS="2008" HPOS="1194"/><SP WIDTH="16" VPOS="2008" HPOS="1290"/><String WC="0.9599999785" CONTENT="Nr." HEIGHT="23" WIDTH="47" VPOS="2008" HPOS="1307"/><SP WIDTH="11" VPOS="2011" HPOS="1355"/><String WC="0.7774999738" CONTENT="689," HEIGHT="28" WIDTH="59" VPOS="2009" HPOS="1367"/><SP WIDTH="18" VPOS="2009" HPOS="1427"/><String WC="1." CONTENT="Taf." HEIGHT="23" WIDTH="60" VPOS="2009" HPOS="1446"/><SP WIDTH="11" VPOS="2017" HPOS="1507"/><String WC="0.6333333254" CONTENT="55," HEIGHT="22" WIDTH="41" VPOS="2016" HPOS="1519"/><SP WIDTH="17" VPOS="2017" HPOS="1561"/><String WC="0.6000000238" CONTENT="vgl." HEIGHT="29" WIDTH="54" VPOS="2010" HPOS="1579"/><SP WIDTH="18" VPOS="2010" HPOS="1634"/><String WC="0.5728571415" CONTENT="Warburg" HEIGHT="29" WIDTH="137" VPOS="2012" HPOS="1653"/><SP WIDTH="15" VPOS="2018" HPOS="1791"/><String WC="0.9549999833" CONTENT="a." HEIGHT="15" WIDTH="23" VPOS="2019" HPOS="1807"/><SP WIDTH="12" VPOS="2019" HPOS="1831"/><String WC="1." CONTENT="a." HEIGHT="15" WIDTH="23" VPOS="2019" HPOS="1844"/><SP WIDTH="12" VPOS="2012" HPOS="1868"/><String WC="0.8399999738" CONTENT="O." HEIGHT="22" WIDTH="31" VPOS="2012" HPOS="1881"/><SP WIDTH="20" VPOS="2012" HPOS="1913"/><String WC="1." CONTENT="S." HEIGHT="22" WIDTH="26" VPOS="2013" HPOS="1934"/><SP WIDTH="11" VPOS="2020" HPOS="1961"/><String WC="1." CONTENT="31" HEIGHT="22" WIDTH="30" VPOS="2020" HPOS="1973"/><SP WIDTH="19" VPOS="2014" HPOS="2004"/><String WC="0.6999999881" CONTENT="Anm." HEIGHT="21" WIDTH="81" VPOS="2014" HPOS="2024"/><SP WIDTH="12" VPOS="2022" HPOS="2106"/><String WC="0.7666666508" CONTENT="4)." HEIGHT="29" WIDTH="35" VPOS="2014" HPOS="2119"/></TextLine>
<TextLine HEIGHT="31" WIDTH="280" VPOS="2042" HPOS="907"><String WC="0.5600000024" CONTENT="3)" HEIGHT="29" WIDTH="25" VPOS="2042" HPOS="907"/><SP WIDTH="14" VPOS="2042" HPOS="933"/><String WC="0.7749999762" CONTENT="A." HEIGHT="21" WIDTH="31" VPOS="2043" HPOS="948"/><SP WIDTH="11" VPOS="2050" HPOS="980"/><String WC="0.9800000191" CONTENT="a." HEIGHT="14" WIDTH="24" VPOS="2050" HPOS="992"/><SP WIDTH="11" VPOS="2042" HPOS="1017"/><String WC="1." CONTENT="O." HEIGHT="24" WIDTH="31" VPOS="2042" HPOS="1029"/><SP WIDTH="16" VPOS="2044" HPOS="1061"/><String WC="1." CONTENT="S." HEIGHT="22" WIDTH="26" VPOS="2044" HPOS="1078"/><SP WIDTH="11" VPOS="2050" HPOS="1105"/><String WC="0.6779999733" CONTENT="27ff." HEIGHT="30" WIDTH="70" VPOS="2043" HPOS="1117"/></TextLine>
<TextLine HEIGHT="37" WIDTH="1301" VPOS="2077" HPOS="907"><String WC="1." CONTENT="4)" HEIGHT="30" WIDTH="25" VPOS="2077" HPOS="907"/><SP WIDTH="14" VPOS="2077" HPOS="933"/><String WC="0.7950000167" CONTENT="Hier" HEIGHT="21" WIDTH="68" VPOS="2078" HPOS="948"/><SP WIDTH="19" VPOS="2077" HPOS="1017"/><String WC="0.75" CONTENT="ist" HEIGHT="23" WIDTH="37" VPOS="2077" HPOS="1037"/><SP WIDTH="28" VPOS="2080" HPOS="1075"/><String WC="0.9125000238" CONTENT="auch" HEIGHT="22" WIDTH="73" VPOS="2079" HPOS="1104"/><SP WIDTH="21" VPOS="2079" HPOS="1178"/><String WC="0.7900000215" CONTENT="an" HEIGHT="15" WIDTH="36" VPOS="2086" HPOS="1200"/><SP WIDTH="20" VPOS="2079" HPOS="1237"/><String WC="1." CONTENT="die" HEIGHT="23" WIDTH="44" VPOS="2078" HPOS="1258"/><SP WIDTH="17" VPOS="2086" HPOS="1303"/><String WC="0.5625" CONTENT="ganz" HEIGHT="23" WIDTH="69" VPOS="2086" HPOS="1321"/><SP WIDTH="17" VPOS="2080" HPOS="1391"/><String WC="0.8269230723" CONTENT="Daphne-artige" HEIGHT="31" WIDTH="220" VPOS="2080" HPOS="1409"/><SP WIDTH="16" VPOS="2081" HPOS="1630"/><String WC="0.7736363411" CONTENT="Darstellung" HEIGHT="29" WIDTH="178" VPOS="2082" HPOS="1647"/><SP WIDTH="15" VPOS="2083" HPOS="1826"/><String WC="1." CONTENT="der" HEIGHT="21" WIDTH="48" VPOS="2083" HPOS="1842"/><SP WIDTH="17" VPOS="2089" HPOS="1891"/><String WC="0.75" CONTENT="„Virtus" HEIGHT="27" WIDTH="132" VPOS="2082" HPOS="1909"/><SP WIDTH="16" VPOS="2084" HPOS="2042"/><String WC="0.9312499762" CONTENT="deserta“" HEIGHT="24" WIDTH="149" VPOS="2084" HPOS="2059"/></TextLine>
<TextLine HEIGHT="39" WIDTH="1383" VPOS="2111" HPOS="827"><String WC="0.7724999785" CONTENT="oder" HEIGHT="23" WIDTH="66" VPOS="2112" HPOS="827"/><SP WIDTH="12" VPOS="2119" HPOS="894"/><String WC="0.8939999938" CONTENT="„despecta“" HEIGHT="31" WIDTH="165" VPOS="2112" HPOS="907"/><SP WIDTH="20" VPOS="2113" HPOS="1073"/><String WC="0.4300000072" CONTENT="zu" HEIGHT="14" WIDTH="34" VPOS="2122" HPOS="1094"/><SP WIDTH="11" VPOS="2122" HPOS="1129"/><String WC="0.75" CONTENT="erinnern," HEIGHT="26" WIDTH="136" VPOS="2114" HPOS="1141"/><SP WIDTH="11" VPOS="2121" HPOS="1278"/><String WC="0.5466666818" CONTENT="wie" HEIGHT="22" WIDTH="52" VPOS="2114" HPOS="1290"/><SP WIDTH="10" VPOS="2121" HPOS="1343"/><String WC="0.8366666436" CONTENT="sie" HEIGHT="23" WIDTH="38" VPOS="2115" HPOS="1354"/><SP WIDTH="11" VPOS="2123" HPOS="1393"/><String WC="0.7933333516" CONTENT="auf" HEIGHT="22" WIDTH="48" VPOS="2115" HPOS="1405"/><SP WIDTH="10" VPOS="2115" HPOS="1454"/><String WC="0.6575000286" CONTENT="Zoan" HEIGHT="22" WIDTH="75" VPOS="2116" HPOS="1465"/><SP WIDTH="11" VPOS="2117" HPOS="1541"/><String WC="0.8457142711" CONTENT="Andreas" HEIGHT="24" WIDTH="124" VPOS="2116" HPOS="1553"/><SP WIDTH="13" VPOS="2118" HPOS="1678"/><String WC="0.7900000215" CONTENT="Stich" HEIGHT="23" WIDTH="77" VPOS="2117" HPOS="1692"/><SP WIDTH="10" VPOS="2118" HPOS="1770"/><String WC="0.75" CONTENT="nach" HEIGHT="22" WIDTH="72" VPOS="2118" HPOS="1781"/><SP WIDTH="10" VPOS="2118" HPOS="1854"/><String WC="0.8899999857" CONTENT="Mantegna" HEIGHT="29" WIDTH="150" VPOS="2118" HPOS="1865"/><SP WIDTH="12" VPOS="2119" HPOS="2016"/><String WC="1." CONTENT="B." HEIGHT="21" WIDTH="31" VPOS="2119" HPOS="2029"/><SP WIDTH="13" VPOS="2126" HPOS="2061"/><String WC="0.6399999857" CONTENT="17" HEIGHT="22" WIDTH="31" VPOS="2126" HPOS="2075"/><SP WIDTH="12" VPOS="2126" HPOS="2107"/><String WC="0.8550000191" CONTENT="zuerst" HEIGHT="22" WIDTH="90" VPOS="2122" HPOS="2120"/></TextLine>
<TextLine HEIGHT="39" WIDTH="1383" VPOS="2147" HPOS="826"><String WC="0.9800000191" CONTENT="vorkommt." HEIGHT="23" WIDTH="168" VPOS="2147" HPOS="826"/><SP WIDTH="18" VPOS="2149" HPOS="994"/><String WC="0.8999999762" CONTENT="R." HEIGHT="21" WIDTH="35" VPOS="2149" HPOS="1012"/><SP WIDTH="11" VPOS="2148" HPOS="1047"/><String WC="0.7788888812" CONTENT="Foerster," HEIGHT="27" WIDTH="137" VPOS="2148" HPOS="1058"/><SP WIDTH="23" VPOS="2150" HPOS="1195"/><String WC="0.9566666484" CONTENT="der" HEIGHT="22" WIDTH="49" VPOS="2150" HPOS="1218"/><SP WIDTH="13" VPOS="2156" HPOS="1267"/><String WC="0.7174999714" CONTENT="sich" HEIGHT="23" WIDTH="61" VPOS="2149" HPOS="1281"/><SP WIDTH="14" VPOS="2149" HPOS="1342"/><String WC="0.9150000215" CONTENT="um" HEIGHT="15" WIDTH="47" VPOS="2158" HPOS="1356"/><SP WIDTH="16" VPOS="2151" HPOS="1404"/><String WC="0.8199999928" CONTENT="die" HEIGHT="22" WIDTH="44" VPOS="2151" HPOS="1420"/><SP WIDTH="16" VPOS="2152" HPOS="1464"/><String WC="0.6171428561" CONTENT="Klärung" HEIGHT="29" WIDTH="127" VPOS="2151" HPOS="1480"/><SP WIDTH="14" VPOS="2151" HPOS="1607"/><String WC="0.896666646" CONTENT="dieses" HEIGHT="23" WIDTH="90" VPOS="2152" HPOS="1621"/><SP WIDTH="13" VPOS="2153" HPOS="1711"/><String WC="0.9566666484" CONTENT="Motivs" HEIGHT="22" WIDTH="104" VPOS="2153" HPOS="1724"/><SP WIDTH="14" VPOS="2160" HPOS="1828"/><String WC="0.5866666436" CONTENT="zuerst" HEIGHT="21" WIDTH="91" VPOS="2155" HPOS="1843"/><SP WIDTH="16" VPOS="2154" HPOS="1934"/><String WC="0.8483333588" CONTENT="bemüht" HEIGHT="22" WIDTH="117" VPOS="2154" HPOS="1950"/><SP WIDTH="15" VPOS="2155" HPOS="2067"/><String WC="0.6200000048" CONTENT="hat" HEIGHT="22" WIDTH="51" VPOS="2155" HPOS="2082"/><SP WIDTH="17" VPOS="2155" HPOS="2133"/><String WC="1." CONTENT="(Jb." HEIGHT="31" WIDTH="59" VPOS="2155" HPOS="2150"/></TextLine>
<TextLine HEIGHT="38" WIDTH="1381" VPOS="2182" HPOS="827"><String WC="1." CONTENT="d." HEIGHT="22" WIDTH="26" VPOS="2183" HPOS="827"/><SP WIDTH="22" VPOS="2190" HPOS="854"/><String WC="0.8299999833" CONTENT="pr." HEIGHT="24" WIDTH="40" VPOS="2189" HPOS="877"/><SP WIDTH="24" VPOS="2183" HPOS="918"/><String WC="0.8485714197" CONTENT="Kunsts." HEIGHT="24" WIDTH="116" VPOS="2183" HPOS="943"/><SP WIDTH="24" VPOS="2191" HPOS="1060"/><String WC="0.9160000086" CONTENT="1901," HEIGHT="21" WIDTH="76" VPOS="2191" HPOS="1085"/><SP WIDTH="23" VPOS="2185" HPOS="1162"/><String WC="0.7599999905" CONTENT="82)" HEIGHT="30" WIDTH="42" VPOS="2184" HPOS="1186"/><SP WIDTH="30" VPOS="2184" HPOS="1229"/><String WC="0.8000000119" CONTENT="zitiert" HEIGHT="24" WIDTH="92" VPOS="2184" HPOS="1260"/><SP WIDTH="20" VPOS="2187" HPOS="1353"/><String WC="0.8224999905" CONTENT="eine" HEIGHT="23" WIDTH="61" VPOS="2186" HPOS="1374"/><SP WIDTH="20" VPOS="2194" HPOS="1436"/><String WC="0.7577777505" CONTENT="pseudo-lukianische" HEIGHT="32" WIDTH="287" VPOS="2186" HPOS="1457"/><SP WIDTH="23" VPOS="2189" HPOS="1745"/><String WC="0.8391666412" CONTENT="Jugendarbeit" HEIGHT="30" WIDTH="200" VPOS="2188" HPOS="1769"/><SP WIDTH="21" VPOS="2189" HPOS="1970"/><String WC="0.7649999857" CONTENT="L." HEIGHT="22" WIDTH="30" VPOS="2189" HPOS="1992"/><SP WIDTH="11" VPOS="2190" HPOS="2023"/><String WC="0.7699999809" CONTENT="B." HEIGHT="21" WIDTH="32" VPOS="2190" HPOS="2035"/><SP WIDTH="10" VPOS="2191" HPOS="2068"/><String WC="0.9122222066" CONTENT="Albertis," HEIGHT="27" WIDTH="129" VPOS="2190" HPOS="2079"/></TextLine>
<TextLine HEIGHT="39" WIDTH="1382" VPOS="2217" HPOS="828"><String WC="0.7442857027" CONTENT="„Virtus" HEIGHT="29" WIDTH="115" VPOS="2217" HPOS="828"/><SP WIDTH="18" VPOS="2226" HPOS="944"/><String WC="1." CONTENT="et" HEIGHT="21" WIDTH="28" VPOS="2220" HPOS="963"/><SP WIDTH="11" VPOS="2219" HPOS="992"/><String WC="0.7409090996" CONTENT="Mercurius“," HEIGHT="27" WIDTH="179" VPOS="2219" HPOS="1004"/><SP WIDTH="12" VPOS="2220" HPOS="1184"/><String WC="0.3199999928" CONTENT="in" HEIGHT="22" WIDTH="30" VPOS="2220" HPOS="1197"/><SP WIDTH="11" VPOS="2220" HPOS="1228"/><String WC="0.8266666532" CONTENT="der" HEIGHT="22" WIDTH="48" VPOS="2220" HPOS="1240"/><SP WIDTH="12" VPOS="2227" HPOS="1289"/><String WC="0.8657143116" CONTENT="„Virtus" HEIGHT="27" WIDTH="114" VPOS="2220" HPOS="1302"/><SP WIDTH="12" VPOS="2222" HPOS="1417"/><String WC="0.9255555272" CONTENT="deserta“," HEIGHT="26" WIDTH="136" VPOS="2222" HPOS="1430"/><SP WIDTH="12" VPOS="2230" HPOS="1567"/><String WC="0.7933333516" CONTENT="von" HEIGHT="17" WIDTH="57" VPOS="2229" HPOS="1580"/><SP WIDTH="11" VPOS="2224" HPOS="1638"/><String WC="0.9028571248" CONTENT="Fortuna" HEIGHT="22" WIDTH="124" VPOS="2224" HPOS="1650"/><SP WIDTH="10" VPOS="2231" HPOS="1775"/><String WC="0.7388888597" CONTENT="verfolgt," HEIGHT="30" WIDTH="128" VPOS="2223" HPOS="1786"/><SP WIDTH="14" VPOS="2231" HPOS="1915"/><String WC="0.6000000238" CONTENT="zu" HEIGHT="15" WIDTH="33" VPOS="2232" HPOS="1930"/><SP WIDTH="12" VPOS="2225" HPOS="1964"/><String WC="0.896666646" CONTENT="Merkur" HEIGHT="22" WIDTH="111" VPOS="2225" HPOS="1977"/><SP WIDTH="12" VPOS="2226" HPOS="2089"/><String WC="0.8360000253" CONTENT="kommt" HEIGHT="24" WIDTH="108" VPOS="2226" HPOS="2102"/></TextLine>
<TextLine HEIGHT="39" WIDTH="1383" VPOS="2253" HPOS="827"><String WC="0.5966666937" CONTENT="und" HEIGHT="22" WIDTH="57" VPOS="2253" HPOS="827"/><SP WIDTH="14" VPOS="2253" HPOS="885"/><String WC="0.6039999723" CONTENT="sagt:" HEIGHT="29" WIDTH="74" VPOS="2254" HPOS="900"/><SP WIDTH="14" VPOS="2254" HPOS="975"/><String WC="0.926666677" CONTENT="dum" HEIGHT="22" WIDTH="67" VPOS="2254" HPOS="990"/><SP WIDTH="19" VPOS="2254" HPOS="1058"/><String WC="0.9166666865" CONTENT="ita" HEIGHT="22" WIDTH="41" VPOS="2255" HPOS="1078"/><SP WIDTH="13" VPOS="2256" HPOS="1120"/><String WC="0.7590000033" CONTENT="despicior," HEIGHT="30" WIDTH="144" VPOS="2255" HPOS="1134"/><SP WIDTH="15" VPOS="2263" HPOS="1279"/><String WC="0.7250000238" CONTENT="malo" HEIGHT="24" WIDTH="73" VPOS="2255" HPOS="1295"/><SP WIDTH="13" VPOS="2258" HPOS="1369"/><String WC="0.7857142687" CONTENT="truncum" HEIGHT="21" WIDTH="131" VPOS="2258" HPOS="1383"/><SP WIDTH="12" VPOS="2264" HPOS="1515"/><String WC="0.9271428585" CONTENT="aliquem" HEIGHT="32" WIDTH="120" VPOS="2257" HPOS="1528"/><SP WIDTH="13" VPOS="2266" HPOS="1649"/><String WC="0.8324999809" CONTENT="esse" HEIGHT="16" WIDTH="58" VPOS="2265" HPOS="1663"/><SP WIDTH="13" VPOS="2266" HPOS="1722"/><String WC="0.8600000143" CONTENT="quam" HEIGHT="22" WIDTH="85" VPOS="2266" HPOS="1736"/><SP WIDTH="13" VPOS="2259" HPOS="1822"/><String WC="0.84799999" CONTENT="deam." HEIGHT="23" WIDTH="89" VPOS="2259" HPOS="1836"/><SP WIDTH="17" VPOS="2260" HPOS="1926"/><String WC="0.7419999838" CONTENT="Gewiß" HEIGHT="22" WIDTH="96" VPOS="2260" HPOS="1944"/><SP WIDTH="13" VPOS="2260" HPOS="2041"/><String WC="0.9300000072" CONTENT="spielt" HEIGHT="30" WIDTH="82" VPOS="2260" HPOS="2055"/><SP WIDTH="12" VPOS="2261" HPOS="2138"/><String WC="0.5350000262" CONTENT="hier" HEIGHT="24" WIDTH="59" VPOS="2261" HPOS="2151"/></TextLine>
<TextLine HEIGHT="42" WIDTH="1381" VPOS="2285" HPOS="828"><String WC="0.8899999857" CONTENT="die" HEIGHT="22" WIDTH="44" VPOS="2288" HPOS="828"/><SP WIDTH="11" VPOS="2289" HPOS="873"/><String WC="0.7782608867" CONTENT="Daphne-Virtus-Allegorie" HEIGHT="33" WIDTH="373" VPOS="2288" HPOS="885"/><SP WIDTH="19" VPOS="2291" HPOS="1259"/><String WC="0.9038461447" CONTENT="(Integumenta," HEIGHT="30" WIDTH="213" VPOS="2291" HPOS="1279"/><SP WIDTH="12" VPOS="2293" HPOS="1493"/><String WC="0.5809090734" CONTENT="Bonsignori)" HEIGHT="32" WIDTH="172" VPOS="2292" HPOS="1506"/><SP WIDTH="12" VPOS="2294" HPOS="1679"/><String WC="1." CONTENT="mit" HEIGHT="22" WIDTH="51" VPOS="2294" HPOS="1692"/><SP WIDTH="9" VPOS="2294" HPOS="1744"/><String WC="0.7585714459" CONTENT="hinein." HEIGHT="22" WIDTH="103" VPOS="2294" HPOS="1754"/><SP WIDTH="9" VPOS="2290" HPOS="1858"/><String WC="0.6499999762" CONTENT="Ähnliches" HEIGHT="27" WIDTH="149" VPOS="2290" HPOS="1868"/><SP WIDTH="10" VPOS="2302" HPOS="2018"/><String WC="0.6700000167" CONTENT="auf" HEIGHT="21" WIDTH="48" VPOS="2296" HPOS="2029"/><SP WIDTH="10" VPOS="2296" HPOS="2078"/><String WC="0.582857132" CONTENT="Lorenzo" HEIGHT="25" WIDTH="120" VPOS="2296" HPOS="2089"/></TextLine>
<TextLine HEIGHT="39" WIDTH="1379" VPOS="2323" HPOS="829"><String WC="0.8270000219" CONTENT="Leonbrunos" HEIGHT="23" WIDTH="178" VPOS="2324" HPOS="829"/><SP WIDTH="13" VPOS="2325" HPOS="1008"/><String WC="0.8327272534" CONTENT="Verleumdung" HEIGHT="31" WIDTH="206" VPOS="2324" HPOS="1022"/><SP WIDTH="20" VPOS="2326" HPOS="1229"/><String WC="1." CONTENT="des" HEIGHT="22" WIDTH="48" VPOS="2326" HPOS="1250"/><SP WIDTH="14" VPOS="2326" HPOS="1299"/><String WC="0.7099999785" CONTENT="Apelles" HEIGHT="31" WIDTH="109" VPOS="2326" HPOS="1314"/><SP WIDTH="13" VPOS="2327" HPOS="1424"/><String WC="0.6050000191" CONTENT="in" HEIGHT="23" WIDTH="29" VPOS="2327" HPOS="1438"/><SP WIDTH="14" VPOS="2328" HPOS="1468"/><String WC="0.7900000215" CONTENT="der" HEIGHT="22" WIDTH="48" VPOS="2328" HPOS="1483"/><SP WIDTH="14" VPOS="2328" HPOS="1532"/><String WC="0.8019999862" CONTENT="Brera" HEIGHT="23" WIDTH="84" VPOS="2328" HPOS="1547"/><SP WIDTH="15" VPOS="2328" HPOS="1632"/><String WC="0.7012500167" CONTENT="(Alinari" HEIGHT="30" WIDTH="117" VPOS="2329" HPOS="1648"/><SP WIDTH="13" VPOS="2329" HPOS="1766"/><String WC="0.9200000167" CONTENT="39546," HEIGHT="28" WIDTH="99" VPOS="2331" HPOS="1780"/><SP WIDTH="17" VPOS="2330" HPOS="1880"/><String WC="0.9679999948" CONTENT="Gamba" HEIGHT="23" WIDTH="110" VPOS="2330" HPOS="1898"/><SP WIDTH="13" VPOS="2330" HPOS="2009"/><String WC="0.9549999833" CONTENT="in" HEIGHT="22" WIDTH="29" VPOS="2330" HPOS="2023"/><SP WIDTH="15" VPOS="2331" HPOS="2053"/><String WC="0.5987499952" CONTENT="Rassegna" HEIGHT="31" WIDTH="139" VPOS="2331" HPOS="2069"/></TextLine>
<TextLine HEIGHT="39" WIDTH="1379" VPOS="2358" HPOS="830"><String WC="0.8433333039" CONTENT="d’Arte" HEIGHT="22" WIDTH="96" VPOS="2359" HPOS="830"/><SP WIDTH="11" VPOS="2366" HPOS="927"/><String WC="0.7220000029" CONTENT="1906," HEIGHT="27" WIDTH="74" VPOS="2360" HPOS="939"/><SP WIDTH="17" VPOS="2367" HPOS="1014"/><String WC="0.7375000119" CONTENT="92)," HEIGHT="31" WIDTH="54" VPOS="2359" HPOS="1032"/><SP WIDTH="8" VPOS="2368" HPOS="1087"/><String WC="0.8100000024" CONTENT="wo" HEIGHT="15" WIDTH="43" VPOS="2368" HPOS="1096"/><SP WIDTH="8" VPOS="2368" HPOS="1140"/><String WC="0.8066666722" CONTENT="ein" HEIGHT="22" WIDTH="44" VPOS="2361" HPOS="1150"/><SP WIDTH="10" VPOS="2361" HPOS="1195"/><String WC="0.8740000129" CONTENT="Satyr" HEIGHT="30" WIDTH="83" VPOS="2361" HPOS="1206"/><SP WIDTH="8" VPOS="2368" HPOS="1290"/><String WC="0.7966666818" CONTENT="aus" HEIGHT="16" WIDTH="49" VPOS="2368" HPOS="1299"/><SP WIDTH="8" VPOS="2363" HPOS="1349"/><String WC="1." CONTENT="dem" HEIGHT="22" WIDTH="63" VPOS="2363" HPOS="1358"/><SP WIDTH="11" VPOS="2363" HPOS="1422"/><String WC="0.8442857265" CONTENT="Gefolge" HEIGHT="29" WIDTH="113" VPOS="2363" HPOS="1434"/><SP WIDTH="8" VPOS="2363" HPOS="1548"/><String WC="0.8733333349" CONTENT="des" HEIGHT="23" WIDTH="47" VPOS="2363" HPOS="1557"/><SP WIDTH="8" VPOS="2363" HPOS="1605"/><String WC="0.6737499833" CONTENT="Tyrannen" HEIGHT="31" WIDTH="148" VPOS="2363" HPOS="1614"/><SP WIDTH="8" VPOS="2372" HPOS="1763"/><String WC="0.8716666698" CONTENT="seiner" HEIGHT="22" WIDTH="89" VPOS="2365" HPOS="1772"/><SP WIDTH="7" VPOS="2365" HPOS="1862"/><String WC="0.8130000234" CONTENT="Verachtung" HEIGHT="30" WIDTH="178" VPOS="2365" HPOS="1870"/><SP WIDTH="8" VPOS="2366" HPOS="2049"/><String WC="0.823333323" CONTENT="der" HEIGHT="22" WIDTH="47" VPOS="2366" HPOS="2058"/><SP WIDTH="8" VPOS="2367" HPOS="2106"/><String WC="0.8066666722" CONTENT="Virtus" HEIGHT="25" WIDTH="94" VPOS="2366" HPOS="2115"/></TextLine>
<TextLine HEIGHT="39" WIDTH="1379" VPOS="2394" HPOS="830"><String WC="0.9228571653" CONTENT="deserta" HEIGHT="23" WIDTH="108" VPOS="2394" HPOS="830"/><SP WIDTH="26" VPOS="2394" HPOS="939"/><String WC="0.9063636661" CONTENT="drastischen" HEIGHT="23" WIDTH="172" VPOS="2395" HPOS="966"/><SP WIDTH="25" VPOS="2397" HPOS="1139"/><String WC="0.8787500262" CONTENT="Ausdruck" HEIGHT="22" WIDTH="145" VPOS="2396" HPOS="1165"/><SP WIDTH="25" VPOS="2397" HPOS="1311"/><String WC="0.9377777576" CONTENT="verleiht." HEIGHT="24" WIDTH="125" VPOS="2396" HPOS="1337"/><SP WIDTH="28" VPOS="2399" HPOS="1463"/><String WC="0.676666677" CONTENT="Auf" HEIGHT="22" WIDTH="55" VPOS="2398" HPOS="1492"/><SP WIDTH="24" VPOS="2398" HPOS="1548"/><String WC="0.7059999704" CONTENT="einer" HEIGHT="24" WIDTH="75" VPOS="2398" HPOS="1573"/><SP WIDTH="19" VPOS="2400" HPOS="1649"/><String WC="0.5766666532" CONTENT="Zeichnung" HEIGHT="30" WIDTH="158" VPOS="2400" HPOS="1669"/><SP WIDTH="18" VPOS="2400" HPOS="1828"/><String WC="0.8914285898" CONTENT="Cigolis" HEIGHT="31" WIDTH="100" VPOS="2400" HPOS="1847"/><SP WIDTH="18" VPOS="2401" HPOS="1948"/><String WC="0.625" CONTENT="in" HEIGHT="22" WIDTH="29" VPOS="2401" HPOS="1967"/><SP WIDTH="18" VPOS="2401" HPOS="1997"/><String WC="0.7533333302" CONTENT="den" HEIGHT="22" WIDTH="54" VPOS="2401" HPOS="2016"/><SP WIDTH="19" VPOS="2402" HPOS="2071"/><String WC="0.6775000095" CONTENT="Uffizien" HEIGHT="25" WIDTH="118" VPOS="2401" HPOS="2091"/></TextLine>
<TextLine HEIGHT="38" WIDTH="1376" VPOS="2429" HPOS="832"><String WC="0.9624999762" CONTENT="(Nr." HEIGHT="29" WIDTH="58" VPOS="2429" HPOS="832"/><SP WIDTH="14" VPOS="2436" HPOS="890"/><String WC="0.9559999704" CONTENT="1018)" HEIGHT="30" WIDTH="76" VPOS="2429" HPOS="904"/><SP WIDTH="23" VPOS="2430" HPOS="980"/><String WC="0.8299999833" CONTENT="wird" HEIGHT="24" WIDTH="68" VPOS="2430" HPOS="1003"/><SP WIDTH="15" VPOS="2432" HPOS="1071"/><String WC="0.8125" CONTENT="sie," HEIGHT="26" WIDTH="47" VPOS="2431" HPOS="1086"/><SP WIDTH="15" VPOS="2439" HPOS="1133"/><String WC="0.8840000033" CONTENT="nackt" HEIGHT="23" WIDTH="86" VPOS="2431" HPOS="1149"/><SP WIDTH="14" VPOS="2432" HPOS="1235"/><String WC="0.7450000048" CONTENT="im" HEIGHT="22" WIDTH="39" VPOS="2432" HPOS="1249"/><SP WIDTH="16" VPOS="2431" HPOS="1288"/><String WC="0.9049999714" CONTENT="Gestrüpp" HEIGHT="32" WIDTH="140" VPOS="2431" HPOS="1304"/><SP WIDTH="14" VPOS="2440" HPOS="1444"/><String WC="0.9012500048" CONTENT="stehend," HEIGHT="26" WIDTH="125" VPOS="2433" HPOS="1458"/><SP WIDTH="16" VPOS="2440" HPOS="1583"/><String WC="0.6866666675" CONTENT="von" HEIGHT="16" WIDTH="57" VPOS="2441" HPOS="1599"/><SP WIDTH="13" VPOS="2435" HPOS="1656"/><String WC="0.8166666627" CONTENT="der" HEIGHT="22" WIDTH="49" VPOS="2435" HPOS="1669"/><SP WIDTH="14" VPOS="2442" HPOS="1718"/><String WC="0.7226315737" CONTENT="schlangenumwundenen" HEIGHT="31" WIDTH="353" VPOS="2435" HPOS="1732"/><SP WIDTH="13" VPOS="2437" HPOS="2085"/><String WC="0.6328571439" CONTENT="Xnvidia" HEIGHT="24" WIDTH="110" VPOS="2437" HPOS="2098"/></TextLine>
<TextLine HEIGHT="39" WIDTH="1378" VPOS="2464" HPOS="829"><String WC="0.8562499881" CONTENT="bewacht." HEIGHT="23" WIDTH="135" VPOS="2465" HPOS="829"/><SP WIDTH="24" VPOS="2467" HPOS="965"/><String WC="0.9066666961" CONTENT="Auf" HEIGHT="23" WIDTH="56" VPOS="2465" HPOS="990"/><SP WIDTH="15" VPOS="2465" HPOS="1047"/><String WC="0.7300000191" CONTENT="Mantegnas" HEIGHT="29" WIDTH="165" VPOS="2467" HPOS="1063"/><SP WIDTH="16" VPOS="2474" HPOS="1229"/><String WC="0.7291666865" CONTENT="„Austreibung" HEIGHT="30" WIDTH="206" VPOS="2467" HPOS="1246"/><SP WIDTH="15" VPOS="2469" HPOS="1453"/><String WC="1." CONTENT="der" HEIGHT="22" WIDTH="48" VPOS="2469" HPOS="1469"/><SP WIDTH="16" VPOS="2469" HPOS="1518"/><String WC="0.9757142663" CONTENT="Laster&quot;" HEIGHT="25" WIDTH="113" VPOS="2468" HPOS="1535"/><SP WIDTH="18" VPOS="2470" HPOS="1649"/><String WC="0.7099999785" CONTENT="im" HEIGHT="23" WIDTH="39" VPOS="2470" HPOS="1668"/><SP WIDTH="16" VPOS="2471" HPOS="1708"/><String WC="0.896666646" CONTENT="Louvre" HEIGHT="22" WIDTH="108" VPOS="2471" HPOS="1725"/><SP WIDTH="15" VPOS="2471" HPOS="1834"/><String WC="0.8899999857" CONTENT="ist" HEIGHT="22" WIDTH="38" VPOS="2471" HPOS="1850"/><SP WIDTH="15" VPOS="2471" HPOS="1889"/><String WC="0.7033333182" CONTENT="jedoch" HEIGHT="32" WIDTH="99" VPOS="2470" HPOS="1905"/><SP WIDTH="16" VPOS="2471" HPOS="2005"/><String WC="0.9200000167" CONTENT="diese" HEIGHT="23" WIDTH="73" VPOS="2471" HPOS="2022"/><SP WIDTH="16" VPOS="2472" HPOS="2096"/><String WC="0.8616666794" CONTENT="Virtus" HEIGHT="24" WIDTH="94" VPOS="2472" HPOS="2113"/></TextLine>
<TextLine HEIGHT="42" WIDTH="1378" VPOS="2496" HPOS="830"><String WC="0.8528571725" CONTENT="bereits" HEIGHT="22" WIDTH="101" VPOS="2500" HPOS="830"/><SP WIDTH="10" VPOS="2507" HPOS="932"/><String WC="0.7400000095" CONTENT="zur" HEIGHT="16" WIDTH="48" VPOS="2507" HPOS="943"/><SP WIDTH="10" VPOS="2501" HPOS="992"/><String WC="0.7549999952" CONTENT="Mischung" HEIGHT="30" WIDTH="146" VPOS="2501" HPOS="1003"/><SP WIDTH="16" VPOS="2509" HPOS="1150"/><String WC="0.7633333206" CONTENT="aus" HEIGHT="16" WIDTH="49" VPOS="2508" HPOS="1167"/><SP WIDTH="12" VPOS="2502" HPOS="1217"/><String WC="0.8924999833" CONTENT="Frau" HEIGHT="22" WIDTH="70" VPOS="2502" HPOS="1230"/><SP WIDTH="13" VPOS="2510" HPOS="1301"/><String WC="0.7733333111" CONTENT="und" HEIGHT="23" WIDTH="56" VPOS="2502" HPOS="1315"/><SP WIDTH="9" VPOS="2499" HPOS="1372"/><String WC="0.6650000215" CONTENT="Ölbaum" HEIGHT="27" WIDTH="138" VPOS="2499" HPOS="1382"/><SP WIDTH="11" VPOS="2511" HPOS="1521"/><String WC="0.7555555701" CONTENT="geworden," HEIGHT="31" WIDTH="152" VPOS="2504" HPOS="1533"/><SP WIDTH="13" VPOS="2506" HPOS="1686"/><String WC="1." CONTENT="da" HEIGHT="22" WIDTH="36" VPOS="2506" HPOS="1700"/><SP WIDTH="11" VPOS="2514" HPOS="1737"/><String WC="0.3766666651" CONTENT="nun" HEIGHT="15" WIDTH="57" VPOS="2514" HPOS="1749"/><SP WIDTH="10" VPOS="2506" HPOS="1807"/><String WC="0.6971428394" CONTENT="Minerva" HEIGHT="24" WIDTH="146" VPOS="2506" HPOS="1818"/><SP WIDTH="11" VPOS="2507" HPOS="1965"/><String WC="0.7637500167" CONTENT="herrscht" HEIGHT="22" WIDTH="124" VPOS="2507" HPOS="1977"/><SP WIDTH="13" VPOS="2507" HPOS="2102"/><String WC="0.7599999905" CONTENT="(Foer" HEIGHT="30" WIDTH="80" VPOS="2507" HPOS="2116" SUBS_TYPE="HypPart1" SUBS_CONTENT="(Foerster"/><HYP CONTENT="­"/></TextLine>
<TextLine HEIGHT="32" WIDTH="311" VPOS="2535" HPOS="830"><String WC="0.7124999762" CONTENT="ster" HEIGHT="20" WIDTH="56" VPOS="2536" HPOS="830" SUBS_TYPE="HypPart2" SUBS_CONTENT="(Foerster"/><SP WIDTH="16" VPOS="2541" HPOS="887"/><String WC="1." CONTENT="a." HEIGHT="15" WIDTH="24" VPOS="2542" HPOS="904"/><SP WIDTH="11" VPOS="2542" HPOS="929"/><String WC="1." CONTENT="a." HEIGHT="16" WIDTH="24" VPOS="2542" HPOS="941"/><SP WIDTH="11" VPOS="2536" HPOS="966"/><String WC="0.8799999952" CONTENT="O." HEIGHT="23" WIDTH="31" VPOS="2536" HPOS="978"/><SP WIDTH="22" VPOS="2536" HPOS="1010"/><String WC="1." CONTENT="S." HEIGHT="24" WIDTH="25" VPOS="2536" HPOS="1033"/><SP WIDTH="13" VPOS="2544" HPOS="1059"/><String WC="0.7820000052" CONTENT="161)." HEIGHT="30" WIDTH="68" VPOS="2537" HPOS="1073"/></TextLine>
</TextBlock>
<Illustration ID="Page1_Block6" HEIGHT="545" WIDTH="652" VPOS="891" HPOS="820"><Shape><Polygon POINTS="827,897 1476,897 1476,1440 827,1440 827,897"/></Shape></Illustration>
<ComposedBlock ID="Page1_Block7" HEIGHT="494" WIDTH="648" VPOS="893" HPOS="822" TYPE="separatorsBox"><GraphicalElement ID="Page1_Block8" HEIGHT="7" WIDTH="639" VPOS="894" HPOS="824"/><GraphicalElement ID="Page1_Block9" HEIGHT="6" WIDTH="642" VPOS="1380" HPOS="826"/><GraphicalElement ID="Page1_Block10" HEIGHT="489" WIDTH="7" VPOS="896" HPOS="823"/><GraphicalElement ID="Page1_Block11" HEIGHT="489" WIDTH="9" VPOS="896" HPOS="1459"/></ComposedBlock><GraphicalElement ID="Page1_Block12" HEIGHT="3" WIDTH="206" VPOS="1564" HPOS="832"/><GraphicalElement ID="Page1_Block13" HEIGHT="4" WIDTH="77" VPOS="1026" HPOS="823"/><GraphicalElement ID="Page1_Block14" HEIGHT="94" WIDTH="5" VPOS="935" HPOS="845"/><GraphicalElement ID="Page1_Block15" HEIGHT="101" WIDTH="4" VPOS="935" HPOS="897"/><GraphicalElement ID="Page1_Block16" HEIGHT="105" WIDTH="5" VPOS="952" HPOS="946"/><GraphicalElement ID="Page1_Block17" HEIGHT="78" WIDTH="5" VPOS="948" HPOS="993"/><GraphicalElement ID="Page1_Block18" HEIGHT="146" WIDTH="4" VPOS="1107" HPOS="1323"/><GraphicalElement ID="Page1_Block19" HEIGHT="181" WIDTH="6" VPOS="1113" HPOS="1355"/><GraphicalElement ID="Page1_Block20" HEIGHT="184" WIDTH="6" VPOS="1142" HPOS="1383"/><GraphicalElement ID="Page1_Block21" HEIGHT="224" WIDTH="7" VPOS="1142" HPOS="1411"/><GraphicalElement ID="Page1_Block22" HEIGHT="199" WIDTH="4" VPOS="1186" HPOS="1438"/>
</PrintSpace>
</Page>
</Layout>
</alto>