2464 3159
222 379 282 33 Spätmittelalterliche
518 379 222 25 Moralisationen

1548 373 42 38 67

1360 2585 31 29 5*

222 453 87 19 ream
327 452 149 21 coronam
501 450 95 29 quam
621 441 32 28 in
672 442 58 27 hac
756 440 68 28 vita
843 443 170 25 merentur.
1035 441 90 28 Dane
1143 440 71 29 ideo
1233 442 66 27 filia
1321 441 92 30 Penei
1436 442 48 28 dei
1504 443 89 28 fluvii

222 487 132 38 fingitur
380 487 75 37 quia
480 494 83 30 aqua
587 487 47 26 est
660 484 112 37 frigida
792 486 32 25 et
845 483 157 37 pudicicia
1021 487 48 25 est
1096 483 67 28 filia
1182 484 183 37 frigiditatis
1392 485 79 28 sicut
1492 486 102 38 impu-

224 530 110 29 dicicia
354 530 120 29 caloris.

303 578 31 30 C.
352 577 185 29 Giovanni
565 575 35 29 di
629 574 164 38 Vergilio
824 574 169 36 (identisch
1021 575 58 27 mit
1109 574 121 28 Dantes
1258 574 173 39 Freund?).
1462 576 130 33 Oxford,

222 623 76 28 Cod.
316 622 73 29 Can.
407 621 86 28 misc.
510 627 58 29 457
586 620 58 36 (15.
659 618 111 37 Jahrh.
785 622 114 32 (1420),
913 616 191 39 italienisch)
1122 617 47 28 Bl.
1183 618 38 35 83
1229 622 12 14 r
1255 635 36 2 —
1303 618 51 28 ich
1369 617 160 31 verdanke
1545 619 49 28 die

223 665 162 30 Abschrift
406 665 55 27 der
484 660 324 40 Liebenswürdigkeit
829 670 63 18 von
916 661 57 28 Mr.
992 660 96 29 Owen
1112 661 36 28 E.
1165 660 167 39 Holloway
1359 661 165 39 (Bodleian
1546 663 35 27 Li­

223 709 107 39 brary)
341 718 55 18 —:
413 708 90 28 Nona
518 705 230 30 transmutacio
759 707 47 26 est
820 704 49 39 (de
880 704 292 37 durchgestrichen)
1185 704 152 38 Daphnes
1345 704 33 29 in
1390 704 125 29 laurum
1525 715 72 19 con-

223 762 100 20 uersa.
341 751 145 38 Alegoria
505 749 74 29 talis
593 751 63 26 est:
677 749 58 27 Per
751 748 148 29 Phebum
911 748 144 37 intelligo
1069 757 169 28 personam
1252 746 150 40 pudicam
1416 751 31 24 et
1463 752 132 31 castam,

223 806 56 28 per
301 796 169 37 Daphnem
489 792 130 39 inteligo
639 792 106 38 ipsam
765 791 195 39 pudiciciam
981 801 97 28 quam
1098 791 144 37 sequitur
1265 794 88 26 casta
1374 800 144 30 persona.
1539 793 57 27 Per

223 840 170 37 Daphnem
408 845 187 22 conuersam
607 835 34 30 in
656 836 146 29 arborem
818 835 133 38 inteligo
967 836 86 37 quod
1069 834 159 39 pudicicia
1247 833 160 31 indicatur
1421 834 33 28 in
1469 844 128 29 corpore

220 882 84 31 illius
320 882 53 38 qui
388 892 72 18 eam
472 880 188 39 insequitur.
679 880 121 28 Laurus
815 879 86 28 enim
915 879 144 37 designat
1075 878 228 39 virginitatem,
1319 888 36 19 eo
1375 878 85 38 quod
1475 887 122 28 semper

221 926 105 29 virens
347 928 47 26 est
416 929 31 25 et
469 924 156 30 redolens.
649 924 92 28 Unde
762 923 124 30 dictum
907 926 57 26 est.
982 923 58 28 Ille
1062 922 194 38 pudiciciam
1275 920 144 41 sequitur
1435 931 57 28 pro
1507 931 90 28 posse

221 971 147 36 fugacem
381 973 62 26 etc.

301 1021 38 28 A.
355 1020 79 29 Graf
450 1030 27 19 a.
492 1029 28 20 a.
535 1018 36 30 O.
593 1019 29 29 S.
637 1019 73 36 306;
726 1018 184 30 Wicksteed
925 1018 63 28 and
1006 1017 152 35 Gardner,
1175 1018 105 27 Dante
1295 1017 63 28 and
1376 1015 157 31 Giovanni
1548 1017 51 28 del

221 1064 148 39 Vergilio,
385 1063 223 30 Westminster
626 1072 75 28 1902
719 1063 30 29 S.
763 1062 100 37 314ff.
879 1063 173 28 verweisen
1074 1062 55 29 auf
1150 1062 50 27 die
1215 1060 201 39 Aufzählung
1430 1070 63 19 von
1509 1069 18 28 4
1541 1061 56 28 lat.

222 1109 66 29 und
304 1117 17 28 3
335 1108 68 30 ital.
414 1109 73 28 Hss.
503 1108 51 27 bei
569 1106 227 35 Macri-Leone,
813 1106 45 28 La
873 1106 150 29 Bucolica
1038 1105 114 30 Latina
1166 1106 83 28 nella
1262 1104 185 30 letteratura
1468 1105 131 28 italiana

222 1153 51 29 del
287 1153 102 28 secolo
405 1153 87 33 XIV,
509 1151 115 29 Torino
642 1151 85 37 1889,
740 1151 37 29 62
785 1151 20 29 f.

303 1204 39 28 D.
361 1203 162 37 Johannes
534 1202 183 29 Ridewall
737 1201 66 38 (um
823 1201 101 37 1330).
941 1201 173 34 „Moralem
1132 1200 231 37 expositionem
1380 1198 32 28 in
1432 1198 168 29 Metamor-

222 1248 126 37 phosim
371 1247 106 29 Ovidii
496 1255 95 30 super
616 1246 125 28 fabulas
762 1245 154 29 ducentas
935 1248 32 25 et
989 1243 198 30 octodecim“
1209 1243 59 28 mit
1290 1244 74 27 dem
1385 1241 146 30 Initium:
1562 1243 37 27 In

224 1291 95 29 huius
338 1289 207 39 expositionis
563 1289 92 28 initio
674 1289 140 29 erwähnt
836 1289 77 28 F.L.
921 1289 158 37 Wadding
1095 1288 86 35 1650,
1197 1288 63 36 vgl.
1276 1286 218 34 Liebeschütz,
1511 1286 88 37 Fulg.

225 1336 75 28 Met.
320 1336 29 29 S.
363 1344 38 27 32
415 1335 94 29 Anm.

304 1386 37 28 E.
366 1381 88 33 Über
488 1384 61 30 den
582 1384 84 29 Ovid
675 1401 11 3 -
696 1383 212 29 Kommentar
948 1392 64 19 von
1047 1382 165 29 Petrarcas
1246 1380 197 38 geistlichem
1477 1380 124 29 Freund

225 1429 163 38 Dionigi
424 1429 47 28 da
502 1428 76 28 San
610 1427 177 38 Sepolcro
818 1426 86 38 (dem
931 1426 192 29 Adressaten
1160 1426 55 27 des
1245 1425 163 28 Berichtes
1441 1424 78 28 über
1551 1424 50 28 die

224 1473 193 37 Besteigung
444 1472 56 30 des
528 1472 88 27 Mont
646 1470 157 35 Ventoux,
832 1472 149 36 späteren
1002 1469 190 38 Astrologen
1215 1468 137 29 Roberts
1380 1477 63 19 von
1471 1468 129 37 Neapel,

223 1526 63 19 von
324 1517 148 28 Petrarca
506 1515 95 33 „Flos
639 1518 124 30 vatum,
797 1513 77 29 caeli
913 1517 170 30 scrutator,
1124 1512 145 37 cognitus
1302 1510 116 30 astris“
1451 1515 149 33 genannt,

224 1561 16 37 f
256 1569 46 29 14.
322 1562 123 36 Januar
466 1558 89 40 1342)
572 1558 104 39 liegen
701 1557 107 30 bisher
832 1557 94 29 keine
951 1557 140 29 näheren
1109 1556 155 38 Angaben
1289 1565 68 21 vor.
1376 1555 38 30 A.
1430 1554 94 30 Grafs
1543 1555 46 28 Be­

224 1606 155 37 merkung
402 1604 39 37 (a.
462 1615 28 18 a.
512 1604 36 28 O.
572 1604 29 28 S.
619 1603 69 38 306)
719 1602 78 29 über
826 1602 51 28 die
908 1601 222 38 Verurteilung
1157 1601 103 28 seiner
1288 1600 187 37 Tropologie
1504 1600 100 27 durch

223 1649 144 29 Clemens
379 1648 93 29 VIII.
493 1648 57 38 gilt
571 1647 88 29 nicht
679 1646 129 38 speziell
831 1646 51 28 für
905 1646 55 33 sie,
985 1644 136 30 sondern
1140 1645 51 27 für
1209 1645 71 27 alle
1301 1643 303 30 Ovidkommentare

225 1694 36 37 (s.
286 1693 83 28 oben
391 1692 29 29 S.
435 1700 39 29 50
492 1692 95 29 Anm.
601 1690 41 38 3).
666 1690 168 29 Vielleicht
854 1690 42 28 ist
918 1690 56 29 der
992 1688 116 39 seinige
1129 1689 82 28 noch
1229 1688 46 28 im
1293 1687 312 38 Augustinerkloster

223 1746 64 20 von
310 1736 62 29 San
393 1737 105 28 Marco
525 1736 34 28 in
586 1734 140 30 Mailand
750 1734 155 34 erhalten,
930 1742 49 19 wo
1002 1734 82 28 nach
1109 1732 153 28 Possevin
1289 1731 203 38 (Apparatus,
1519 1731 85 27 Köln

226 1780 86 35 1608,
329 1781 25 33 I,
371 1781 70 36 475)
464 1779 86 30 seine
571 1778 135 30 meisten
734 1777 158 30 Schriften
918 1777 142 29 bewahrt
1087 1776 135 28 werden.
1245 1776 69 37 Vgl.
1336 1774 78 29 über
1440 1774 56 28 ihn
1517 1774 88 27 Tira-

224 1824 119 35 boschi,
365 1824 103 29 Storia
487 1824 82 28 della
586 1823 70 29 lett.
677 1823 80 33 ital.,
778 1822 118 29 Milano
917 1822 86 33 1822,
1023 1821 36 33 V,
1079 1820 100 37 2i3ff.
1198 1820 66 28 und
1281 1819 51 29 die
1350 1818 50 29 bei
1413 1818 82 28 A.F.
1506 1817 84 37 John­

225 1877 66 25 son,
310 1868 160 29 Francisci
487 1867 189 30 Petrarchae
694 1865 164 39 Epistolae
875 1866 153 32 Selectae,
1045 1864 122 29 Oxford
1184 1872 77 28 1923
1285 1863 30 28 S.
1330 1870 56 20 211
1406 1861 200 37 angegebene

226 1913 78 34 Lit.;
335 1922 53 18 am
411 1912 111 28 besten
546 1911 39 28 D.
602 1910 38 30 A.
652 1910 114 33 Perini,
792 1909 241 39 Bibliographia
1057 1906 235 40 Augustiniana
1315 1905 68 29 Vol.
1404 1906 33 28 II
1464 1905 142 36 (Firenze

228 1956 89 38 1931)
335 1966 29 28 p.
379 1956 114 38 26sqq.

307 2007 34 28 F.
358 2006 186 29 Giovanni
569 2005 225 38 Bonsignori
819 2014 63 19 von
908 2004 89 29 Cittä
1020 2004 32 27 di
1077 2002 147 35 Castello,
1250 2000 165 29 Abschrift
1439 2009 64 19 von
1530 2000 76 35 1460

225 2051 32 28 in
281 2051 58 28 Ms.
363 2051 57 28 der
443 2050 84 29 Bibi.
551 2049 94 30 Laur.
671 2049 86 29 Plut.
771 2057 40 28 44
834 2048 70 28 cod.
919 2056 38 29 29
984 2048 79 37 (Cat.
1080 2046 77 37 1778
1181 2046 36 33 V,
1245 2045 52 37 Sp.
1313 2043 69 39 228)
1408 2044 66 28 und
1497 2044 109 27 Druck

227 2095 140 37 Venedig
385 2103 77 28 1497
484 2094 52 28 bei
552 2093 86 29 Zoan
656 2093 101 29 Rosso
783 2092 188 38 (illustriert,
989 2101 24 19 s.
1035 2091 29 29 S.
1080 2090 60 38 24).
1165 2089 66 29 Das
1248 2088 144 29 Vorwort
1409 2088 56 27 des
1482 2087 125 28 Drucks

226 2139 69 36 gibt
316 2139 47 27 als
384 2137 121 29 Datum
525 2137 61 28 den
608 2145 48 21 20.
670 2137 86 28 März
779 2144 88 29 1370,
889 2136 58 28 der
968 2135 75 29 Cod.
1066 2134 93 29 Laur.
1181 2133 33 29 in
1234 2133 104 27 einem
1358 2131 172 29 Nachwort
1551 2130 56 28 des

231 2182 180 28 Schreibers
429 2182 51 28 die
500 2181 68 29 Zeit
587 2190 76 19 vom
682 2189 48 20 20.
745 2181 85 28 März
852 2186 77 30 1375
949 2180 49 27 bis
1018 2187 48 28 30.
1081 2177 183 29 November
1285 2184 77 29 1377
1381 2185 50 18 an.
1452 2174 59 28 Die
1531 2183 26 18 z.
1572 2174 33 27 T.

228 2226 72 28 sehr
316 2225 188 29 fehlerhafte
522 2224 162 30 Abschrift
702 2224 123 29 scheint
842 2224 33 27 in
893 2224 124 36 einigen
1036 2222 110 28 Fällen
1164 2221 73 28 dem
1255 2219 140 38 Original
1413 2218 81 28 doch
1511 2217 98 28 näher

228 2280 40 18 zu
280 2270 111 28 stehen
405 2269 46 28 als
464 2269 55 28 der
531 2268 153 29 ebenfalls
698 2269 59 28 mit
771 2268 203 29 Lesefehlern
987 2265 162 30 behaftete
1163 2264 118 29 Druck.
1296 2258 87 34 Über
1397 2262 50 27 die
1461 2261 148 37 Daphne-

228 2313 156 37 Allegorie
403 2322 24 19 s.
444 2311 80 31 oben
547 2312 29 29 S.
591 2319 28 29 5.
641 2312 60 28 Lit.
723 2313 51 27 bei
796 2312 129 36 Gruppe
946 2321 27 18 a.
987 2320 28 19 a.
1031 2310 36 29 0.
1092 2309 29 28 S.
1137 2316 47 22 21.

315 2366 36 28 G.
367 2365 93 29 Liber
479 2365 160 30 Thomae
666 2365 42 28 de
728 2364 257 38 Walsingham
1011 2364 38 28 de
1069 2362 125 29 Natura
1220 2360 140 29 Deorum
1390 2358 91 37 (nach
1507 2357 101 37 1396),

232 2411 81 27 Bibi.
346 2410 45 28 St.
409 2409 84 37 John
522 2408 128 37 Baptist
678 2408 122 38 College
828 2408 125 28 Oxford
981 2407 74 29 Cod.
1072 2414 67 29 124,
1169 2405 34 27 L.
1220 2405 13 27 I
1263 2404 31 28 C.
1310 2411 51 29 34:
1392 2401 215 37 Expositio:

231 2454 128 28 Phebus
379 2454 35 27 id
434 2456 49 25 est
502 2452 156 38 sapientia
678 2451 142 29 humana
842 2461 73 19 cum
935 2452 95 36 longo
1051 2452 143 35 tempore
1215 2446 175 30 laborasset
1410 2454 128 28 querere
1560 2454 36 17 ar­

231 2498 109 28 borem
366 2497 51 28 vel
444 2495 175 39 virgultum
646 2497 85 35 quod
750 2495 132 29 fulmine
902 2504 65 19 non
987 2493 166 29 afflaretur
1173 2492 131 27 tandem
1323 2488 218 39 experimento
1560 2496 51 20 co-

230 2542 111 37 gnovit
362 2544 71 34 post
455 2540 101 28 multa
575 2539 106 29 studia
702 2540 84 37 quod
800 2539 108 28 laurus
923 2538 131 28 fulmine
1070 2535 128 30 minime
1213 2533 170 35 lederetur;
1405 2531 206 38 quamobrem
