2464 3159
609 803 595 41 INHALTSVERZEICHNIS

1536 864 56 20 Seite

219 898 146 30 Vorwort
1529 892 63 30 VII

220 957 198 32 Verzeichnis
433 957 55 29 der
503 956 224 39 Abbildungen
1544 954 47 30 XI

240 1029 26 21 1.
281 1017 330 41 Bedeutungswandel
625 1027 76 20 vom
715 1015 186 32 Mittelalter
915 1026 57 19 zur
988 1015 210 31 Renaissance
1577 1024 15 21 I

241 1091 27 21 2.
283 1083 81 29 Zum
378 1079 368 41 Darstellungsproblem
1558 1086 38 22 io

240 1153 28 28 3.
283 1143 155 30 Bildliche
454 1142 244 39 Darstellungen
712 1141 33 30 in
760 1140 185 31 Mittelalter
959 1141 67 29 und
1041 1139 210 32 Renaissance
1559 1148 36 29 13

240 1215 29 30 4.
283 1205 221 31 Manierismus
518 1205 66 30 und
599 1203 137 30 Barock:
753 1203 59 30 Die
829 1201 281 37 „transitorische"
1127 1201 129 40 Gruppe
1270 1202 33 29 in
1317 1202 54 30 der
1387 1202 125 30 Malerei
1558 1209 38 31 27

244 1275 26 31 5.
286 1267 133 31 Poussin
434 1285 40 3 —
489 1267 139 30 Maratta
643 1284 39 3 —
696 1265 130 31 Beilori:
843 1264 252 31 Klassizistische
1113 1263 222 39 Komposition
1386 1286 126 8 ....
1558 1271 40 30 34

243 1330 28 30 6.
286 1329 128 40 Zyklus,
433 1328 151 40 Staffage,
602 1327 198 31 Illustration
814 1327 59 29 seit
889 1326 54 31 der
960 1325 210 31 Renaissance
1558 1333 40 30 40

244 1401 29 30 7.
286 1391 246 39 Darstellungen
544 1390 34 30 in
593 1390 55 29 der
665 1389 156 39 Skulptur
1559 1393 38 32 45

245 1454 28 29 8.
288 1454 59 29 Die
362 1453 98 30 Fabel
473 1452 32 30 in
521 1452 55 30 der
591 1450 161 31 Literatur
766 1451 67 29 und
848 1450 104 30 Musik
966 1450 59 29 seit
1041 1450 54 30 der
1112 1448 210 31 Renaissance
1560 1455 39 31 50

246 1524 27 30 9-
288 1516 81 28 Text
372 1525 16 20 e
1560 1517 38 31 57

324 1568 25 29 I.
366 1567 102 30 Ovide
482 1566 149 30 moralise
645 1566 26 35 I,
687 1564 203 39 3065—3260
1561 1569 39 31 57

307 1621 44 30 II.
368 1621 66 30 Aus
449 1619 132 30 Belloris
596 1618 208 30 Dafne-Brief
1562 1614 37 31 61

230 1692 47 21 10.
293 1683 145 30 Exkurse
1562 1676 39 38 64

326 1737 27 29 I.
368 1736 64 30 Zur
446 1734 184 31 ovidischen
644 1734 144 39 Fassung
801 1734 56 29 der
872 1732 98 31 Fabel
1563 1729 40 39 64

308 1790 43 29 II.
368 1789 47 30 Zu
441 1787 123 40 einigen
591 1785 364 41 spätmittelalterlichen
984 1783 256 32 Moralisationen
1268 1784 54 29 der
1351 1783 154 30 Metamor­

369 1833 121 39 phosen
1565 1825 38 31 66

295 1886 61 29 III.
374 1886 59 30 Die
448 1884 240 40 Daphnebilder
701 1893 63 20 von
780 1884 93 29 Luini
889 1883 66 30 und
969 1883 93 29 Dossi
1564 1878 38 31 68

232 1948 144 39 Register
1565 1948 39 31 70

2141 2566 15 64 )
