2409 3159
869 352 39 22 12

1854 358 70 23 Zum
1939 359 300 36 Darstellungsproblem

865 413 177 30 beeinflußt
1057 415 82 33 sind,
1155 416 68 28 und
1237 417 58 28 das
1307 417 78 38 liegt
1400 427 27 19 z.
1440 417 36 28 T.
1493 416 167 31 zweifellos
1674 428 41 20 an
1731 421 73 27 dem
1817 420 116 30 relativ
1946 423 72 27 sehr
2033 425 113 37 späten
2161 425 65 29 Auf­

864 459 104 28 treten
980 466 63 21 von
1055 459 245 39 Darstellungen
1311 461 100 29 dieser
1423 460 106 30 Fabel.
1542 462 75 29 Erst
1628 473 63 18 von
1703 464 54 28 der
1770 464 92 29 Mitte
1874 465 54 29 des
1941 474 47 28 14.
2004 465 234 41 Jahrhunderts

865 511 41 19 an
918 501 161 40 begegnen
1092 503 44 28 sie
1149 513 70 25 uns,
1232 505 67 27 und
1311 514 33 19 es
1355 504 42 29 ist
1411 505 72 28 kein
1497 504 149 36 Wunder,
1661 507 63 29 daß
1737 509 41 27 da
1790 508 117 29 bereits
1920 509 57 29 das
1989 509 248 33 Transitorische

866 543 120 32 Rechte
1000 545 224 40 beansprucht.
1241 549 44 27 Es
1298 549 123 28 kommt
1436 549 91 34 dazu,
1543 549 63 30 daß
1620 551 49 28 die
1683 552 163 28 frühesten
1861 553 244 40 Darstellungen
2119 555 106 30 keines­

863 597 84 30 wegs
971 589 57 28 auf
1051 591 69 28 eine
1146 592 169 37 möglichst
1339 591 178 39 sinnfällige
1542 593 205 40 Wiedergabe
1773 597 56 28 der
1856 595 188 32 Geschichte
2069 598 169 38 ausgehen,

863 631 135 32 sondern
1021 633 46 30 als
1083 635 151 34 „Bilder"
1251 646 40 18 zu
1307 635 222 39 allegorischen
1546 638 248 39 Ausdeutungen
1812 641 54 29 des
1885 642 117 28 Stoffes
2019 650 60 20 nur
2094 641 67 30 eine
2178 643 59 29 Art

863 675 176 37 „Zeichen“
1055 678 51 28 für
1120 679 45 28 sie
1179 679 102 38 geben
1295 680 126 35 wollen;
1437 681 32 28 in
1483 680 51 30 ein
1549 682 120 28 solches
1684 682 75 30 aber
1773 684 177 30 schleichen
1965 686 66 29 sich
2047 686 82 27 wohl
2142 686 96 30 leicht

862 720 139 31 einzelne
1020 720 284 38 „transitorische"
1323 724 85 38 Züge
1426 724 62 35 ein,
1507 725 89 29 nicht
1615 726 77 28 aber
1711 728 124 28 kommt
1853 738 34 20 es
1906 730 93 28 dabei
2018 729 57 30 auf
2093 730 133 30 ausführ­

861 763 82 32 liche
960 765 215 38 Erzählung
1191 767 55 29 des
1265 767 128 30 Ganzen
1410 779 51 18 an.
1479 769 75 30 Dies
1570 770 41 28 ist
1627 770 114 38 jedoch
1758 772 55 28 der
1830 772 68 29 Fall
1914 773 51 30 bei
1982 773 256 41 Darstellungen,

863 808 49 31 die
938 809 68 28 eine
1032 808 234 32 offensichtlich
1291 811 236 31 illustrative
1553 814 145 38 Aufgabe
1723 816 115 33 haben,
1865 817 29 28 d.
1909 818 30 28 h.
1966 818 32 28 in
2024 821 99 26 erster
2150 818 88 30 Linie

862 852 50 31 bei
939 852 182 31 wirklichen
1149 853 347 38 Ovid-Illustrationen,
1524 857 66 29 und
1617 858 172 29 außerdem
1815 860 170 30 besonders
2011 861 51 31 bei
2089 862 151 30 Cassone-

863 895 176 31 Malereien.
1060 897 78 29 Hier
1156 898 72 29 darf
1244 900 66 27 und
1327 900 58 29 soll
1402 901 80 29 auch
1502 900 57 30 das
1577 902 116 33 „Bild“
1711 903 186 36 fabulieren,
1915 906 67 27 und
1998 904 68 31 hier
2082 909 105 27 treten
2204 907 34 28 in

861 940 56 29 der
933 940 60 28 Tat
1010 940 81 31 auch
1107 942 72 37 jene
1196 942 333 32 diskontinuierlichen
1549 945 226 30 Szenenreihen
1792 948 64 33 auf,
1874 949 31 28 in
1922 950 101 29 denen
2040 950 56 29 das
2112 950 111 30 Transi­

860 983 137 30 torische
1021 984 54 30 der
1098 988 114 36 späten
1236 986 279 40 Entstehungszeit
1539 990 114 36 gemäß
1676 999 82 19 zwar
1780 991 88 29 nicht
1891 993 113 28 immer
2025 1003 80 29 ganz
2128 1004 95 29 ausge­

860 1027 136 30 schaltet
1016 1028 75 30 aber
1110 1030 83 28 doch
1212 1032 89 28 stark
1320 1032 274 39 zurückgedrängt
1613 1033 155 29 erscheint
1791 1035 92 37 (Abb.
1900 1045 47 28 14,
1968 1044 47 29 15,
2036 1046 48 26 21,
2105 1038 48 34 26,
2174 1038 62 39 55).

939 1072 62 28 Ein
1019 1072 143 30 weiterer
1181 1074 160 38 Komplex
1364 1085 64 19 von
1446 1076 243 39 Darstellungen
1715 1078 55 28 der
1788 1079 108 35 Fabel,
1914 1080 51 28 die
1982 1080 89 30 nicht
2088 1081 34 28 in
2139 1086 99 27 erster

860 1114 88 31 Linie
965 1116 56 28 auf
1037 1116 57 30 das
1110 1118 250 29 Transitorische
1382 1120 168 39 ausgehen,
1567 1121 72 28 tritt
1656 1121 241 39 hauptsächlich
1914 1124 44 27 im
1974 1123 263 34 klassizistischen

859 1159 126 29 Barock
1005 1160 68 29 auf:
1095 1161 69 28 hier
1183 1162 132 28 handelt
1335 1172 33 19 es
1388 1164 66 28 sich
1475 1163 153 30 ebenfalls
1648 1175 56 19 um
1723 1166 68 28 eine
1811 1166 225 41 Anschauung,
2058 1169 54 28 der
2132 1170 105 31 nichts

859 1213 41 19 an
910 1203 84 29 einer
1004 1206 149 36 strengen
1164 1205 172 38 Fixierung
1345 1207 55 29 des
1410 1207 268 31 dramatischsten
1689 1209 157 30 Moments
1855 1211 127 38 gelegen
1991 1212 52 30 ist.
2057 1213 50 28 Im
2118 1213 106 39 Gegen­

857 1249 70 28 satz
937 1247 115 38 jedoch
1063 1257 56 20 zur
1133 1248 479 33 mittelalterlich-illustrativen
1624 1253 97 29 Form
1731 1255 135 29 erstrebt
1879 1256 43 28 sie
1934 1256 106 30 nicht
2051 1257 186 30 erzählende

858 1290 117 36 Breite,
994 1291 139 30 sondern
1151 1293 50 28 die
1222 1294 199 39 Gewinnung
1437 1295 86 30 eines
1540 1297 172 38 gleichsam
1729 1299 157 38 lyrischen
1907 1299 331 42 Stimmungsgehalts,

859 1335 66 30 und
950 1335 82 28 auch
1058 1336 51 34 da,
1144 1346 48 19 wo
1217 1338 44 29 sie
1286 1339 154 29 zunächst
1466 1339 216 31 sukzessive
1708 1342 165 31 Elemente
1899 1345 55 28 der
1980 1344 97 30 Fabel
2101 1346 119 29 neben­

858 1378 150 30 einander
1025 1379 94 40 zeigt,
1141 1382 86 28 kann
1246 1383 44 28 sie
1307 1382 312 40 begreiflicherweise
1637 1386 88 29 nicht
1745 1397 39 18 zu
1802 1387 85 29 einer
1905 1388 179 31 faktischen
2102 1390 122 29 Diskon­

856 1422 134 31 tinuität
1011 1423 55 29 der
1086 1424 246 40 Darstellungen
1352 1428 44 28 im
1416 1428 289 32 mittelalterlichen
1728 1431 94 29 Sinne
1842 1432 118 30 zurück
1983 1432 254 42 (Wiederholung

858 1468 54 28 der
931 1467 142 38 gleichen
1093 1468 98 39 Figur
1209 1471 101 37 usw.),
1331 1471 136 30 sondern
1487 1472 99 29 bleibt
1607 1483 40 19 an
1668 1474 60 29 den
1748 1476 239 30 Einheitsraum
2005 1476 177 40 gebunden,
2203 1479 33 38 ja

857 1512 44 29 sie
918 1511 197 32 überwindet
1135 1514 95 35 dann,
1248 1516 58 28 wie
1322 1515 46 29 im
1386 1516 130 38 Kapitel
1534 1524 17 30 5
1569 1528 39 18 zu
1624 1518 107 38 zeigen
1749 1520 66 28 sein
1832 1520 89 35 wird,
1938 1520 130 31 bewußt
2086 1522 80 28 auch
2185 1522 50 30 die

856 1555 121 31 letzten
998 1555 181 41 derartigen
1199 1559 85 38 Züge
1305 1560 100 29 durch
1426 1561 51 29 die
1498 1561 206 40 Einbindung
1723 1564 88 38 jener
1831 1563 304 33 antidramatischen
2155 1566 67 31 Ten­

856 1599 120 32 denzen
995 1601 33 28 in
1047 1602 68 29 eine
1136 1603 82 29 auch
1238 1604 55 28 auf
1312 1604 128 29 Einheit
1461 1605 55 29 der
1535 1606 80 29 Zeit
1636 1607 184 38 abgestellte
1841 1608 313 41 Darstellungsform.
