2409 3159
842 335 41 38 48
1760 348 206 33 Darstellungen
1980 352 29 21 in
2023 353 45 23 der
2083 353 130 32 Skulptur

844 403 115 31 Gehalt
984 404 54 28 des
1060 404 111 30 Werks
1196 406 81 28 doch
1301 406 181 32 schließlich
1505 410 135 38 weniger
1663 410 195 38 umbiegen
1882 412 47 28 als
1947 412 152 31 vielmehr
2121 415 78 28 wirk­

839 448 63 28 lich
921 447 236 32 bezeichnen:

1084 519 151 39 Quisquis
1248 530 112 20 amans
1374 522 144 39 sequitur
1532 524 157 38 fugitivae
1702 524 119 39 gaudia
1834 526 121 28 formae

1079 564 124 28 Fronde
1218 574 114 19 manus
1344 565 124 38 implet,
1483 567 116 29 baccas
1612 577 55 20 seu
1680 569 106 38 carpit
1801 578 136 21 amaras.

919 631 130 29 Bernini
1057 633 56 28 hat
1124 633 101 39 wenig
1235 634 175 39 Nachfolge
1419 636 169 39 gefunden,
1606 648 52 19 am
1668 638 135 30 meisten
1813 639 80 29 noch
1903 639 33 28 in
1947 640 54 28 der
2016 639 136 37 Malerei,
2163 641 50 29 die

841 674 163 30 öftersauf
1018 676 212 39 ureigenstem
1241 677 113 30 Gebiet
1371 689 58 18 vor
1437 679 122 31 solcher
1568 681 131 29 Anleihe
1709 682 88 29 nicht
1807 681 282 33 zurückschreckte
2099 685 11 16 1
2111 684 21 38 ),
2149 685 64 29 und

837 718 207 39 gelegentlich
1063 720 34 28 in
1118 721 56 28 der
1188 721 209 36 Reliefkunst,
1419 733 48 18 wo
1481 724 84 29 denn
1579 724 305 40 begreiflicherweise
1897 726 84 30 seine
1997 726 130 40 Gruppe
2139 738 76 28 gern

838 762 33 27 in
883 762 191 40 Anlehnung
1092 774 41 18 an
1146 765 50 28 die
1209 766 127 28 Malerei
1348 767 100 28 durch
1460 768 99 29 Amor
1570 769 66 28 und
1650 770 129 29 Peneios
1790 772 131 38 ergänzt
1933 772 116 29 wurde.
2054 771 12 18 2
2067 771 9 38 )
2090 772 124 29 Andere

841 806 275 39 Relieffassungen
1139 809 110 28 halten
1272 809 68 28 sich
1365 820 63 19 von
1453 810 189 32 vornherein
1665 813 98 28 lieber
1788 823 41 20 an
1855 813 281 41 Formulierungen
2160 816 55 29 der

840 850 138 35 Malerei,
994 851 161 29 natürlich
1173 862 40 19 an
1230 853 169 39 möglichst
1414 853 218 41 gruppenhaft
1647 856 224 39 geschlossene.
1875 858 12 18 3
1888 858 10 37 )
1917 859 60 28 Die
1995 858 219 41 Freiskulptur

837 894 124 29 scheint
980 895 68 28 sich
1068 896 84 33 dort,
1178 905 48 20 wo
1245 897 44 28 sie
1309 897 182 40 überhaupt
1512 900 58 27 das
1589 900 122 29 Thema
1730 911 39 19 zu
1788 903 157 37 gestalten
1964 903 100 35 hatte,
2086 903 29 29 d.
2129 904 30 28 h.
2180 904 33 30 in

839 937 204 30 dekorativer
1066 939 83 28 Bau-
1172 939 66 29 und
1263 940 284 40 Gartenskulptur,
1571 942 57 30 auf
1650 944 304 39 korrespondierend
1976 949 163 36 getrennte
2164 948 37 29 Fi­

837 980 1377 51 guren 4 5 ) oder auf eins der üblichen Raub-Darstellungsschemata 6 ) beschränkt
839 1035 39 17 zu
900 1025 116 34 haben,
1040 1025 94 29 meist
1158 1029 93 26 unter
1274 1027 149 29 Verzicht
1447 1029 56 29 auf
1526 1030 58 28 das
1607 1029 366 42 Verwandlungsmotiv;
1998 1035 41 27 ob
2062 1036 68 28 eine
2153 1037 59 28 Art

841 1068 269 39 Grottengruppe,
1139 1070 95 29 deren
1256 1070 150 30 Entwurf
1426 1081 57 18 aus
1505 1073 56 28 der
1585 1073 113 29 Schule
1720 1073 144 31 Lebruns
1885 1076 68 29 eine
1975 1078 75 29 freie
2073 1080 142 28 Bernini-

838 1112 93 38 kopie
956 1113 59 27 mit
1038 1112 130 29 Peneios
1185 1113 66 29 und
1268 1114 152 38 Amor(?)
1439 1115 191 30 kombiniert
1640 1118 12 16 6
1653 1118 21 36 ),
1698 1118 30 37 je
1751 1118 185 40 ausgeführt
1954 1122 126 29 worden
2096 1123 52 34 ist,
2171 1124 42 28 ist

840 1166 38 17 zu
897 1156 190 29 bezweifeln.
1108 1157 273 30 Erwähnenswert
1401 1159 72 28 sind
1490 1161 84 28 noch
1592 1162 75 28 zwei
1686 1162 83 29 feine
1790 1162 223 40 Schöpfungen
2032 1166 54 28 der
2107 1167 93 29 Klein­

839 1199 127 38 plastik.
986 1200 59 27 Die
1065 1200 152 29 Matthias
1237 1201 258 32 Rauchmiller
1520 1204 269 39 zugeschriebene,
1816 1216 55 19 um
1892 1207 77 38 1670
1994 1210 219 36 entstandene,

840 1242 135 29 köstlich
996 1243 223 39 durchgefeilte
1241 1245 289 41 Elfenbeingruppe
1550 1248 45 28 im
1614 1247 125 31 Wiener
1760 1249 143 31 Museum
1931 1253 92 36 (Abb.
2038 1252 49 39 62)
2095 1253 11 17 7
2109 1254 9 37 )
2146 1254 69 39 gibt

839 1286 62 28 den
916 1286 302 31 Zusammenschluß
1240 1288 56 29 der
1312 1289 136 38 Figuren
1469 1293 84 27 etwa
1574 1292 45 27 im
1638 1292 95 29 Sinne
1749 1293 148 38 Cignanis
1915 1296 93 37 (Abb.
2022 1296 62 39 33),
2101 1298 114 30 betont

838 1329 75 28 aber
935 1330 49 28 die
1009 1330 271 31 Geschlossenheit
1302 1333 55 29 der
1379 1334 231 30 Peneios-losen
1634 1336 129 39 Gruppe
1784 1338 232 30 eindrucksvoll
2038 1341 99 29 durch
2158 1342 57 29 das

840 1372 255 31 umklammernd
1116 1377 196 36 Vorgesetzte
1335 1377 106 29 rechte
1466 1378 79 30 Bein
1569 1379 54 30 des
1646 1381 97 28 schon
1767 1382 223 36 anhaltenden,
2015 1384 88 30 nicht
2127 1385 88 30 mehr

838 1416 170 30 laufenden
1032 1418 123 38 Apollo,
1181 1419 51 29 bei
1257 1420 73 28 dem
1354 1421 55 29 der
1437 1421 136 31 Schreck
1598 1423 77 30 über
1700 1424 50 29 die
1774 1426 45 27 im
1843 1426 205 31 äußersten
2073 1430 141 29 Moment

837 1459 177 40 erfolgende
1036 1462 232 39 Verwandlung
1289 1465 238 40 ausgezeichnet
1549 1467 203 31 anschaulich
1773 1470 86 28 wird.
1883 1470 59 30 Die
1963 1472 190 39 Anlehnung
2173 1482 41 20 an

839 1504 128 29 Bernini
992 1504 192 31 beschränkt
1210 1507 66 29 sich
1301 1509 55 28 auf
1381 1510 57 28 das
1464 1510 116 30 Detail.
1606 1511 80 29 Eine
1710 1512 192 29 vermutlich
1926 1515 32 28 in
1978 1516 114 29 Italien
2116 1526 98 29 gegen

837 1547 90 29 Ende
944 1548 55 30 des
1015 1556 47 29 17.
1078 1550 237 38 Jahrhunderts
1330 1552 221 37 entstandene,
1570 1555 174 40 gleichfalls
1760 1565 64 21 von
1837 1557 131 31 Bernini
1982 1559 115 30 relativ
2114 1561 101 38 wenig

836 1592 187 39 abhängige,
1055 1593 74 29 eher
1160 1604 41 19 an
1232 1596 50 29 die
1311 1597 442 41 Chatsworth-Komposition
1784 1602 148 30 Poussins
1964 1603 91 39 (Abb.
2077 1605 50 37 44)
2159 1614 40 20 an­

836 1636 182 38 knüpfende
1037 1638 243 40 Bronzegruppe
1299 1642 32 27 in
1347 1643 141 29 Dresden
1507 1644 92 37 (Abb.
1615 1644 49 39 61)
1674 1645 12 16 8
1688 1645 10 38 )
1726 1645 85 29 zieht
1832 1647 50 28 die
1901 1646 97 39 Figur
2014 1648 54 29 des
2083 1649 131 29 Peneios

919 1741 22 31 1)
956 1742 60 30 Vgl.
1037 1743 49 23 das
1104 1744 72 23 oben
1197 1745 26 23 S.
1237 1752 33 22 39
1285 1747 81 22 Anm.
1379 1754 15 16 2
1413 1749 139 29 genannte
1571 1749 62 23 Bild
1652 1757 56 16 von
1727 1751 86 23 Pesne
1834 1752 81 30 (Abb.
1928 1753 53 30 49).

917 1776 23 31 2)
958 1778 35 23 So
1001 1785 56 15 von
1066 1779 49 22 Mo
1121 1781 55 21 not
1185 1780 38 23 im
1233 1781 127 24 Kasseler
1367 1783 177 24 Marmorbad
1555 1791 77 24 1720;
1644 1786 70 22 Abb.
1726 1786 45 23 bei
1779 1787 196 28 Brinckmann,
1986 1796 24 15 a.
2023 1795 23 17 a.
2060 1790 41 26 O.,
2119 1789 93 25 S.268.

916 1812 25 30 3)
959 1813 35 22 So
1023 1813 43 23 Fr.
1079 1822 26 14 v.
1118 1814 134 25 Bossuit
1275 1817 39 21 im
1338 1817 243 32 Braunschweiger
1606 1819 88 24 Relief
1717 1821 47 23 Nr.
1777 1830 59 21 412,
1862 1823 71 23 Abb.
1945 1824 45 22 bei
2013 1823 63 25 Chr.
2091 1825 121 28 Scherer,

836 1846 251 33 Elfenbeinplastik
1105 1849 53 23 seit
1176 1851 49 23 der
1243 1852 186 23 Renaissance
1449 1853 228 32 (Monographien
1695 1856 26 22 d.
1743 1857 161 31 Kunstgew.
1925 1859 52 22 Bd.
1988 1858 93 32 VIII),
2101 1860 112 31 Leipzig

836 1889 24 15 o.
876 1881 34 31 J.,
926 1883 26 22 S.
965 1891 32 22 43
1016 1883 48 30 (im
1076 1884 98 31 Apollo
1192 1886 138 30 abhängig
1348 1895 56 16 von
1422 1889 48 22 der
1488 1890 73 22 oben
1574 1890 25 23 S.
1614 1898 32 22 44
1658 1892 80 22 Anm.
1753 1898 14 23 3
1786 1893 160 23 erwähnten
1958 1895 123 30 Fassung
2093 1896 119 31 Diepen-

836 1916 103 32 beeks).

915 1952 26 30 4)
959 1953 35 23 So
1017 1953 152 25 Schlüter
1189 1956 29 23 in
1238 1957 55 23 den
1313 1957 157 31 prachtvoll
1485 1960 180 24 aufeinander
1681 1962 156 30 bezogenen
1854 1963 118 30 Figuren
1988 1964 49 23 auf
2052 1966 64 22 dem
2132 1966 80 23 Dach

835 1988 49 22 des
902 1987 225 25 Kameckeschen
1143 1990 110 25 Hauses
1268 1992 30 23 in
1314 1993 95 23 Berlin
1426 1994 94 30 (heute
1537 1996 74 29 Loge
1628 1997 91 30 Royal
1734 1997 99 30 York),
1851 1998 55 30 vgl.
1919 2000 36 22 H.
1967 2000 69 26 Voß,
2059 2001 44 29 Jb.
2123 2001 25 22 d.
2168 2008 40 24 pr.

837 2023 114 24 Kunsts.
971 2024 75 27 1908,
1067 2025 48 29 158
1132 2025 58 24 und
1206 2028 32 21 E.
1251 2028 138 27 Benkard,
1408 2030 32 22 A.
1455 2029 127 24 Schlüter
1601 2030 121 31 (Meister
1738 2032 48 24 der
1803 2033 107 24 Plastik
1927 2035 51 22 Bd.
1991 2034 50 31 II),
2059 2036 153 24 Frankfurt

837 2064 75 23 1925,
936 2059 26 22 S.
974 2059 93 31 64/65;
1088 2060 112 24 Nicolas
1221 2062 67 29 (und
1310 2063 155 24 Guillaume
1475 2064 21 32 ?)
1517 2066 144 23 Coustou
1680 2067 30 22 in
1729 2067 54 24 den
1801 2075 50 16 aus
1870 2069 63 23 dem
1954 2070 73 22 Park
2046 2078 57 15 von
2121 2071 91 31 Marly

835 2092 200 28 stammenden,
1055 2095 83 23 heute
1156 2096 38 23 im
1212 2098 235 31 Tuileriengarten
1464 2100 202 31 aufgestellten,
1685 2103 62 21 sehr
1765 2104 78 22 stark
1860 2104 143 30 bewegten
2021 2105 118 31 Figuren
2156 2114 56 16 von

837 2135 68 22 1713
923 2127 99 32 (Lami,
1038 2129 191 26 Dictionnaire
1246 2151 4 4 .
1265 2152 5 3 .
1284 2152 5 3 .
1306 2140 82 24 regne
1403 2135 85 24 Louis
1498 2136 77 26 XIV,
1589 2143 61 24 117;
1668 2138 97 23 Revue
1780 2139 35 22 de
1828 2139 65 22 l’art
1909 2140 86 30 frang.
2013 2147 60 17 anc.
2091 2143 28 21 et
2136 2142 73 23 mod.

836 2163 80 27 XIX,
941 2170 75 24 1903,
1039 2164 73 32 162);
1130 2166 212 32 Gartenfiguren
1355 2171 48 21 des
1419 2171 38 22 18.
1473 2171 203 31 Jahrhunderts
1688 2180 46 15 am
1750 2173 99 23 Schloß
1863 2175 40 22 La
1919 2176 104 29 Granja
2037 2175 44 24 bei
2097 2177 115 30 Segovia

837 2197 135 33 (i727ff.),
993 2200 29 22 in
1037 2200 48 23 der
1099 2201 72 23 Villa
1186 2202 105 24 Collodi
1304 2204 29 23 in
1348 2205 95 23 Pescia
1459 2205 81 31 (Abb.
1553 2207 44 22 bei
1612 2207 35 23 H.
1660 2208 79 29 Inigo
1753 2208 103 31 Triggs,
1873 2210 51 23 Art
1939 2210 28 23 of
1984 2211 111 23 Garden
2109 2212 103 31 Design

836 2235 29 21 in
884 2233 82 32 Italy,
986 2235 68 23 New
1071 2236 77 23 York
1168 2239 75 27 1906,
1263 2239 36 29 pl.
1313 2239 100 32 27/28),
1431 2248 57 16 von
1505 2242 127 23 Canovas
1650 2243 102 22 Lehrer
1770 2245 328 24 Bernardi-Torretti
2115 2248 29 22 in
2162 2248 48 23 der

833 2268 74 24 Villa
917 2268 91 25 Falier
1017 2270 28 23 ai
1055 2271 133 24 Pradazzi
1197 2273 46 23 bei
1252 2274 92 28 Asolo,
1356 2276 232 23 ausnahmsweise
1598 2277 53 23 mit
1661 2278 379 34 Verwandlungsandeutung
2051 2282 29 23 in
2091 2283 119 23 Händen

834 2304 56 23 und
909 2304 113 24 Haaren
1039 2306 48 23 der
1105 2307 118 31 Daphne
1242 2309 163 30 (Bollettino
1422 2311 96 24 d’Arte
1539 2318 144 24 1924—25,
1705 2314 69 30 106).

915 2338 25 31 5)
958 2339 35 24 So
1014 2341 122 23 Lorenzo
1157 2343 158 24 Mattielli
1336 2345 39 23 im
1397 2347 300 31 Schwarzenbergpark
1711 2348 30 23 in
1757 2349 80 23 Wien
1855 2350 101 31 (Photo
1972 2352 237 24 Osthaus-Archiv

835 2375 48 21 Nr.
897 2373 110 32 26335),
1026 2376 54 30 vgl.
1101 2377 197 29 Brinckmann,
1318 2387 24 16 a.
1355 2389 24 15 a.
1392 2381 41 27 O.,
1455 2382 26 22 S.
1494 2383 51 29 278
1563 2383 58 23 und
1640 2384 58 28 381.

914 2408 27 31 6)
958 2410 270 33 Louvrezeichnung,
1247 2415 160 24 Inventaire
1423 2417 48 22 des
1489 2417 106 23 dessins
1612 2418 80 27 VIII,
1712 2419 77 30 8185.

914 2443 25 31 7)
955 2445 60 23 Inv.
1036 2446 48 23 Nr.
1097 2454 76 24 4537,
1194 2449 81 23 Höhe
1286 2457 42 23 43,
1340 2457 16 22 9
1368 2459 44 15 cm
1429 2451 62 24 Chr.
1506 2453 115 23 Scherer
1639 2461 24 15 a.
1676 2461 24 15 a.
1712 2454 32 22 O.
1759 2455 26 23 S.
1799 2462 40 23 75.

914 2478 25 31 8)
955 2480 60 24 Inv.
1033 2482 26 21 H
1062 2481 10 15 4
1085 2482 103 31 154/25.
1201 2484 81 23 Höhe
1293 2493 32 22 43
1342 2494 51 15 cm.
1410 2487 97 23 Zuerst
1521 2487 39 22 im
1571 2488 133 23 Inventar
1715 2497 55 16 von
1783 2492 75 28 1726.
1870 2504 35 4 —
1921 2492 107 22 Andere
2046 2493 163 31 Exemplare

836 2514 29 22 in
881 2514 212 33 Braunschweig
1110 2518 57 30 (Nr.
1182 2519 59 30 133)
1258 2521 58 21 und
1331 2521 28 23 in
1375 2522 48 22 der
1440 2522 162 30 Sammlung
1616 2523 167 25 Wendland:
1800 2526 29 22 C.
1841 2526 30 22 F.
1884 2526 132 27 Foerster,
2034 2527 51 24 Die
2103 2529 106 23 Samm-
