2409 3159
1545 265 7 16 I

916 749 33 34 8.
972 749 92 34 DIE
1089 749 170 35 FABEL
1285 749 55 35 IN
1366 750 109 33 DER
1500 750 304 34 LITERATUR
1833 750 108 35 UND
1966 748 168 37 MUSIK

1206 813 115 35 SEIT
1349 814 110 33 DER
1489 814 366 34 RENAISSANCE

919 897 86 33 Über
1030 902 50 29 die
1108 902 180 30 Schicksale
1313 903 55 28 der
1392 903 99 28 Fabel
1513 903 32 27 in
1571 904 54 27 der
1650 903 162 28 Literatur
1836 903 59 28 seit
1921 903 55 28 der
2001 903 212 28 Renaissance

839 946 127 28 können
985 946 56 28 wir
1059 955 61 20 uns
1136 946 69 29 hier
1224 946 78 28 kurz
1319 945 115 30 fassen.
1456 946 100 28 Ovids
1577 946 192 37 Gestaltung
1788 946 183 29 beherrscht
1992 947 57 28 das
2067 947 86 28 Feld.

918 990 60 28 Die
994 990 101 29 Texte
1111 989 182 30 erscheinen
1309 989 123 29 freilich
1448 990 82 28 noch
1545 991 92 36 lange
1654 991 60 27 mit
1731 990 292 37 allegorisierenden
2040 991 159 28 Kommen­

838 1035 93 26 taren
945 1033 58 28 wie
1018 1033 103 38 gleich
1136 1042 63 20 von
1214 1033 129 36 Anfang
1358 1043 50 18 an.
1425 1034 85 27 Aber
1525 1043 91 18 wenn
1631 1043 67 18 nun
1713 1034 92 32 auch,
1821 1043 58 18 vor
1895 1034 93 27 allem
2002 1034 44 27 im
2060 1034 152 29 Zeitalter

839 1077 56 28 des
915 1077 232 33 Manierismus,
1167 1076 98 28 vieles
1284 1085 64 19 von
1369 1077 55 27 der
1442 1077 167 36 religiösen
1628 1077 290 37 Allegorienfreude
1940 1078 53 27 des
2014 1077 200 29 Mittelalters

839 1120 115 28 wieder
966 1120 182 34 auftaucht,
1162 1129 35 20 so
1207 1120 43 27 ist
1263 1119 79 28 eben
1356 1120 82 28 doch
1451 1121 55 27 der
1519 1120 211 28 Unterschied
1741 1121 177 36 gegenüber
1932 1121 72 27 dem
2016 1121 196 34 Mittelalter,

840 1164 63 27 daß
924 1173 32 19 es
976 1164 67 28 sich
1064 1173 67 19 nun
1151 1162 320 30 selbstverständlich
1492 1174 61 18 nur
1573 1173 56 18 um
1649 1164 264 28 Kommentare
1934 1174 74 18 zum
2028 1165 185 28 ovidischen

840 1208 136 27 Urtext
994 1207 86 37 (oder
1094 1206 87 36 aber,
1196 1216 48 19 wo
1259 1206 101 29 dieser
1373 1206 91 35 fehlt,
1480 1217 56 18 um
1549 1208 256 37 Erläuterungen
1820 1208 55 28 der
1889 1209 56 27 auf
1959 1208 85 28 Ovid
2058 1207 143 30 basieren­

840 1251 60 27 den
920 1250 234 38 Holzschnitte)
1174 1250 143 34 handelt,
1338 1250 50 28 die
1407 1252 115 27 zudem
1539 1252 177 36 gegenüber
1736 1252 61 27 den
1816 1252 247 37 philologischen
2082 1252 119 29 zurück­

838 1297 116 26 treten.
975 1295 40 28 So
1030 1294 115 30 taucht
1161 1294 34 38 ja
1211 1294 215 28 allenthalben
1442 1295 45 28 im
1504 1295 221 28 Manierismus
1741 1296 57 27 das
1814 1296 187 28 Mittelalter
2017 1295 114 29 wieder
2149 1296 65 33 auf,

839 1338 77 28 aber
934 1338 106 28 hinter
1059 1339 62 28 den
1140 1338 201 30 antikischen
1360 1339 66 27 und
1447 1338 375 30 Renaissance-Formen.

919 1382 60 28 Die
999 1382 224 29 italienischen
1246 1382 171 37 Ausgaben
1439 1382 72 29 sind
1534 1383 97 29 schon
1654 1383 59 28 seit
1740 1391 77 28 1493
1841 1392 96 25 „cum
1957 1383 259 29 luculentissimis

840 1426 173 36 Raphaelis
1039 1425 93 39 Regii
1155 1426 277 29 enarrationibus“
1458 1426 164 35 versehen,
1650 1427 50 28 die
1725 1427 114 28 höchst
1866 1427 194 28 ausführlich
2087 1437 39 18 zu
2151 1427 64 28 fast

837 1470 107 37 jedem
959 1471 164 29 Textwort
1140 1470 208 38 philologisch
1368 1470 144 38 Stellung
1528 1471 136 28 nehmen
1681 1471 66 28 und
1764 1471 81 28 auch
1862 1471 50 28 die
1929 1471 286 37 Differenzpunkte

839 1514 55 27 der
906 1509 244 43 Überlieferung
1163 1514 93 37 (etwa
1267 1514 78 28 über
1357 1515 60 27 den
1429 1514 97 29 Vater
1538 1515 54 28 der
1603 1514 148 38 Daphne)
1765 1518 92 25 unter
1868 1515 132 37 Angabe
2012 1515 54 28 der
2083 1515 131 37 Quellen

838 1560 152 28 erörtern.
1005 1558 94 30 Fehlt
1112 1558 33 29 in
1160 1559 54 29 des
1228 1559 264 29 Kommentators
1504 1561 105 27 ersten
1622 1559 181 38 Ausgaben,
1818 1559 50 29 die
1881 1568 60 20 nur
1954 1568 81 29 ganz
2048 1559 167 39 allgemein

838 1603 33 28 in
891 1604 55 27 der
964 1604 140 28 Vorrede
1124 1613 41 18 an
1184 1604 175 28 Francesco
1380 1603 150 38 Gonzaga
1549 1604 61 28 den
1629 1604 210 28 moralischen
1861 1604 76 28 Sinn
1956 1605 56 27 der
2031 1603 184 29 ovidischen

839 1648 121 27 Fabeln
972 1648 221 28 hervorheben
1199 1647 11 17 1
1213 1647 21 38 ),
1249 1648 81 28 noch
1343 1648 71 36 jede
1429 1648 181 37 Beifügung
1623 1658 64 18 von
1701 1648 188 37 Allegorien,
1904 1657 35 19 so
1952 1647 103 29 erhält
2071 1647 97 29 schon
2181 1648 33 27 in

839 1691 56 28 der
915 1701 63 18 von
996 1692 69 27 ihm
1084 1692 99 28 selbst
1205 1698 77 29 1513
1302 1692 170 28 verfaßten
1492 1692 211 37 Neuausgabe
1723 1692 51 28 die
1795 1691 309 37 Pythongeschichte
2124 1691 91 28 einen

841 1735 116 28 Sensus
973 1735 188 34 „literalis“,
1179 1735 196 38 „physicus“
1394 1736 67 27 und
1477 1735 240 38 „allegoricus",
1736 1736 67 27 und
1819 1735 33 28 in
1870 1735 118 28 diesem
2005 1735 80 28 wird
2101 1735 114 37 Apollo

839 1779 60 27 mit
913 1779 145 28 Christus
1070 1780 224 37 gleichgesetzt
1302 1779 11 17 2
1315 1779 25 37 );
1355 1780 66 27 und
1436 1780 46 27 als
1497 1787 78 29 1543
1589 1780 83 28 seine
1686 1779 147 37 Ausgabe
1848 1779 99 28 durch
1962 1779 254 37 Erläuterungen

840 1822 55 29 des
922 1823 140 36 Jacobus
1087 1824 148 36 Micyllus
1262 1823 189 38 (Molsheim)
1477 1824 158 28 erweitert
1661 1824 118 33 wurde,
1805 1823 97 37 ergab
1927 1823 66 28 sich
2019 1823 57 28 das
2100 1823 115 28 höchst

838 1866 300 30 charakteristische
1152 1868 74 27 Bild
1239 1868 55 27 der
1308 1867 193 38 Ergänzung
1515 1868 54 28 des
1582 1867 270 30 humanistischen
1866 1868 161 36 Apparats
2041 1867 99 28 durch
2154 1867 61 28 den

839 1911 146 28 wörtlich
1005 1912 167 36 kopierten
1190 1911 316 38 Allegorienapparat
1527 1912 55 28 des
1601 1911 156 37 Berguire.
1762 1911 12 16 3
1777 1911 9 37 )

919 1955 116 28 Diesen
1056 1956 257 37 Erläuterungen
1334 1955 159 29 schließen
1514 1956 66 28 sich
1602 1955 45 28 im
1669 1955 46 28 16.
1731 1955 220 36 Jahrhundert
1973 1955 170 28 besonders
2165 1955 50 28 die

839 1998 183 29 Deutschen
1044 2009 54 24 an;
1122 1999 82 28 auch
1224 2000 69 27 hier
1313 1999 86 29 steht
1422 1999 49 28 die
1491 1999 144 37 religiöse
1656 1999 155 37 Allegorie
1833 1999 59 27 mit
1914 1999 44 27 im
1978 1998 235 37 Vordergrund.

839 2043 60 28 Die
908 2043 227 38 „Auslegung“
1146 2044 55 27 des
1212 2043 145 28 Gerhard
1366 2043 102 29 Lorch
1478 2053 39 18 zu
1527 2043 317 29 derWickramschen
1851 2042 189 38 „Ausgabe“
2050 2043 54 27 der
2113 2036 101 34 Über-

922 2146 23 29 1)
961 2145 57 22 Fol.
1031 2146 77 22 AII:
1139 2145 72 31 Quid
1241 2146 128 29 Daphnes
1392 2145 29 22 in
1445 2145 109 22 laurum
1578 2151 106 23 semper
1707 2145 138 22 virentem
1867 2143 247 30 transfiguratione
2138 2144 75 22 aliud

840 2180 79 23 nobis
935 2180 149 30 significari
1099 2181 158 29 putandum
1272 2182 43 21 est
1330 2187 85 23 quam
1430 2180 152 29 virginibus
1597 2179 113 30 pudoris
1726 2180 42 22 sui
1783 2179 147 23 sollicitam
1945 2179 159 30 gerentibus
2119 2186 95 15 curam

839 2216 184 22 immortalem
1045 2216 115 29 gloriam
1182 2223 57 15 esse
1260 2217 194 29 praeparatam
1464 2215 9 22 ?
1497 2229 35 2 —
1554 2210 75 28 Über
1651 2215 125 22 Rafaello
1799 2215 86 29 Regio
1907 2215 54 28 vgl.
1985 2214 158 22 Tiraboschi
2165 2214 49 27 VI,

840 2251 54 26 III,
909 2258 64 23 1573
980 2251 30 22 ff.

919 2286 26 30 2)
960 2287 128 28 Ausgabe
1102 2287 124 29 Venedig
1243 2293 66 22 1513
1325 2286 18 22 f.
1356 2293 65 16 2iv.
1439 2286 78 22 Ohne
1536 2285 136 29 derartige
1686 2285 221 29 Erläuterungen
1921 2285 72 23 noch
2008 2284 44 23 die
2067 2285 147 29 Ausgaben

839 2321 123 30 Venedig
982 2328 65 23 1497
1068 2322 175 29 (Barbadico)
1262 2322 57 22 und
1338 2321 99 23 Parma
1457 2327 73 22 1505.

919 2357 26 29 3)
960 2357 97 23 Zuerst
1072 2357 82 22 Basel
1167 2364 78 22 1543;
1262 2356 167 23 Venetianer
1440 2356 127 29 Ausgabe
1580 2362 65 22 1545
1657 2363 26 23 p.
1697 2363 32 15 22
1741 2364 26 14 u.
1780 2355 57 29 25f.
1850 2369 35 3 —•
1899 2355 38 23 Es
1947 2354 36 23 ist
1999 2355 63 22 dem
2075 2354 76 23 Geist
2166 2355 48 22 der

841 2392 274 30 Gegenreformation
1129 2392 181 22 Vorbehalten
1324 2398 132 23 gewesen,
1467 2390 155 23 schließlich
1639 2398 78 22 sogar
1729 2391 43 22 die
1782 2390 352 30 allegorisch-moralischen
2145 2390 56 22 Aus­

838 2428 135 29 legungen
991 2427 48 22 der
1052 2427 243 30 Metamorphosen
1309 2427 48 22 auf
1374 2427 54 22 den
1442 2426 88 23 Index
1544 2434 33 14 zu
1592 2428 91 20 setzen
1700 2425 84 31 (siehe
1798 2424 44 24 die
1857 2425 108 24 Indices
1979 2425 83 22 Pauls
2072 2425 46 21 IV.
2137 2431 76 22 1559,

839 2462 122 23 PiusIV.
977 2463 65 29 1564
1059 2462 136 29 [Trienter
1209 2462 109 30 Index],
1333 2461 49 24 des
1400 2462 163 29 spanischen
1575 2460 277 32 Generalinquisitors
1866 2460 184 30 Quirogavon
2063 2460 73 28 1583,
2154 2460 49 22 Six­

839 2500 46 20 tus
892 2498 32 22 V.
940 2503 65 23 1590
1020 2498 56 21 und
1086 2497 126 23 Clemens
1219 2497 79 22 VIII.
1311 2498 67 27 1596
1388 2497 45 23 bei
1444 2498 43 21 Fr.
1497 2497 35 22 H.
1543 2497 118 26 Reusch,
1677 2496 51 23 Die
1743 2496 109 22 Indices
1864 2496 133 23 librorum
2011 2494 202 31 prohibitorum

839 2533 48 22 des
904 2534 38 21 t6.
955 2532 107 30 Jahrh.,
1077 2532 144 29 Tübingen
1239 2533 75 26 1886,
1331 2532 26 23 S.
1372 2539 56 21 199,
1445 2539 59 23 275,
1520 2538 60 23 424,
1596 2532 59 29 508,
1671 2531 70 31 537).
