2409 3159
820 337 42 29 44

1432 339 110 28 Zyklus,
1560 338 125 30 Staffage,
1704 339 166 23 Illustration
1885 340 48 21 seit
1946 340 45 21 der
2007 340 179 25 Renaissance

823 399 92 36 (Abb.
930 397 61 38 21),
1009 398 32 27 in
1057 398 55 28 der
1129 398 74 28 aber
1220 398 58 29 mit
1295 400 94 27 allem
1404 403 64 26 erst
1484 402 89 27 recht
1590 402 98 27 Ernst
1704 401 148 37 gemacht
1869 412 39 18 zu
1924 402 65 28 sein
2006 403 130 34 scheint,
2153 405 34 37 ja

819 442 33 28 in
869 442 54 27 der
941 441 63 28 fast
1022 440 75 29 alles
1114 442 247 38 mythologische
1379 443 207 34 „Dekorum“
1604 445 248 28 verschwunden
1869 446 57 28 ist:
1944 445 68 28 hier
2028 447 41 28 ist
2086 456 33 19 es
2136 448 50 28 ein

820 494 64 19 von
906 484 102 29 einem
1031 485 118 28 derben
1174 485 76 29 Kerl
1272 487 171 38 verfolgtes
1467 488 110 29 derbes
1602 489 165 33 Mädchen,
1793 488 72 29 dem
1889 489 50 28 die
1964 499 64 18 nun
2053 490 132 37 doppelt

820 527 205 31 wunderbare
1046 529 232 38 Verwandlung
1298 530 139 30 zustößt.
1441 532 12 16 1
1456 532 9 37 )

900 571 152 29 Daneben
1064 572 56 28 hat
1133 582 32 19 es
1177 573 159 29 natürlich
1349 574 81 29 auch
1442 576 32 27 in
1487 576 54 27 der
1554 576 198 28 Illustration
1765 575 246 38 Darstellungen
2024 576 55 29 der
2092 577 96 29 Fabel

819 615 148 38 gegeben,
986 615 49 29 die
1052 617 250 37 gruppenhafter
1323 618 55 36 (im
1398 618 95 29 Sinne
1512 619 54 28 der
1584 620 233 28 statuarischen
1836 620 136 37 Fügung
1990 620 54 27 der
2064 621 111 36 Haupt­

819 658 102 38 szene)
938 659 75 29 oder
1028 660 172 28 bildhafter
1218 660 55 39 (im
1290 661 93 28 Sinne
1400 662 55 28 der
1469 663 196 28 räumlichen
1683 663 272 29 Geschlossenheit
1972 663 55 28 der
2046 662 129 30 Gesamt­

819 702 225 39 komposition)
1057 704 166 37 aufgefaßt
1236 713 118 25 waren;
1369 705 78 29 aber
1460 707 80 28 doch
1553 709 64 26 erst
1630 707 115 28 relativ
1757 709 83 35 spät.
1855 707 60 29 Die
1929 707 178 38 „Gruppe"
2120 708 69 37 gibt

818 749 105 26 zuerst
946 746 171 29 Goltzius
1135 748 33 27 in
1187 748 100 29 seiner
1307 749 359 38 Metamorphosenserie
1685 760 64 18 von
1774 753 83 26 etwa
1878 759 81 30 1590
1988 751 93 37 (Abb.
2095 752 51 37 58)
2154 752 11 16 2
2168 752 21 36 ),

818 791 67 27 und
901 800 82 18 zwar
998 791 32 28 in
1047 800 34 19 so
1095 791 208 38 geschickter,
1319 793 178 38 gegenüber
1513 794 73 28 dem
1601 794 32 28 in
1650 794 218 29 Einzelheiten
1884 795 207 29 verwandten
2107 796 82 37 Ago-

818 834 188 29 stino-Stich
1027 835 92 37 (Abb.
1133 835 50 37 23)
1202 845 34 19 so
1253 835 283 31 charakteristisch
1554 838 56 27 auf
1627 839 57 27 das
1702 839 250 37 Dynamische
1970 839 219 29 hinzielenden

817 878 312 38 Zusammenfügung
1144 880 55 27 der
1213 879 113 29 beiden
1342 880 148 38 Figuren,
1507 881 62 28 daß
1585 882 43 28 sie
1644 882 150 28 ernstlich
1810 883 46 27 als
1872 883 167 28 Vorbilder
2055 883 51 28 für
2122 884 68 36 Cig-

818 921 91 29 nanis
928 922 204 38 Darstellung
1153 922 92 37 (Abb.
1259 922 50 39 33)
1329 923 33 28 in
1382 924 101 37 Frage
1503 925 150 28 kommen
1676 925 43 37 (in
1739 926 55 27 der
1814 926 100 29 Ferne
1934 927 56 28 der
2012 926 97 29 Streit
2129 928 60 28 mit

818 964 125 38 Amor);
961 965 149 29 zuweilen
1128 966 78 28 wird
1223 967 68 27 eine
1311 967 131 38 Gruppe
1459 968 150 37 gegeben,
1627 969 33 27 in
1678 969 55 28 der
1750 969 33 28 in
1800 969 86 29 einer
1903 971 60 27 Art
1982 980 63 18 von
2063 971 113 38 plump­

816 1008 219 30 transitorisch
1059 1010 189 37 gemeintem
1274 1010 236 30 Naturalismus
1534 1012 68 28 eine
1620 1012 320 38 „Rinden-Daphne“
1969 1014 221 36 (menschliche

818 1053 94 28 Form
932 1052 58 29 mit
1011 1053 193 28 Baumrinde
1224 1053 186 38 verkleidet)
1433 1055 194 37 angebracht
1647 1056 79 27 wird
1755 1056 43 36 (C.
1811 1056 124 29 Decker
1957 1058 78 36 1678
2043 1057 12 17 3
2057 1058 21 36 ),
2108 1059 81 27 nach

817 1097 148 36 Vorgang
985 1096 84 29 eines
1090 1097 163 28 Brüsseler
1273 1097 252 38 Wandteppichs
1546 1108 76 18 vom
1643 1099 90 28 Ende
1755 1100 54 27 des
1835 1100 46 29 16.
1897 1101 246 38 Jahrhunderts)
2149 1102 14 17 4
2166 1106 22 29 );

815 1140 183 29 schließlich
1013 1140 69 37 gibt
1097 1150 33 19 es
1146 1140 162 29 natürlich
1324 1140 84 29 auch
1425 1142 127 37 Kopien
1572 1143 82 27 nach
1671 1143 140 28 Bernini.
1812 1142 13 18 5
1827 1143 21 37 ).
1879 1145 71 27 Den
1968 1145 220 33 „bildhaften“

815 1184 120 36 Typus,
943 1183 55 29 der
1005 1184 309 37 begreiflicherweise
1325 1184 58 28 mit
1389 1184 146 30 Vorliebe
1541 1186 32 27 in
1578 1187 191 36 Anlehnung
1776 1196 40 19 an
1825 1187 151 29 Gemälde
1984 1188 57 28 das
2049 1189 142 28 Peneios-

817 1226 101 29 Motiv
935 1226 182 35 aufnimmt,
1136 1228 129 28 vertritt
1284 1238 31 18 u.
1334 1237 28 20 a.
1382 1229 56 28 der
1459 1229 88 29 Stich
1565 1230 221 28 Chauveaus
1803 1231 45 27 im
1865 1232 125 28 Pariser
2008 1232 127 34 „Ovide
2152 1243 38 18 en

813 1270 186 29 rondeaux"
1021 1271 195 29 Benserades
1237 1281 63 19 von
1324 1271 78 37 1676
1434 1274 93 36 (Abb.
1541 1274 50 37 5g)
1599 1273 11 17 6
1613 1274 21 37 ),
1663 1274 32 28 in
1717 1275 74 27 dem
1812 1275 57 29 das
1891 1276 300 38 Bewegungsmotiv

816 1314 55 29 des
888 1313 131 30 Peneios
1036 1315 72 28 dem
1124 1316 272 38 entsprechenden
1413 1316 53 29 bei
1484 1318 141 28 Maratta
1642 1318 97 28 schon
1756 1319 90 28 recht
1864 1321 168 27 verwandt
2048 1321 52 28 ist.

900 1403 22 31 1)
938 1402 117 29 Henkel,
1074 1404 135 29 Vorträge
1230 1405 26 22 S.
1276 1404 56 23 128.
1361 1399 120 30 Ähnlich
1504 1406 181 30 derb-üppige
1705 1408 107 29 Körper
1831 1408 60 30 gibt
1910 1409 88 23 Baurs
2018 1409 172 30 Zeitgenosse

820 1438 95 24 Simon
935 1438 120 25 Guillain
1073 1440 29 22 II
1124 1439 76 30 (1618
1219 1439 43 23 bis
1279 1440 71 22 nach
1371 1439 77 32 1646)
1468 1441 29 22 in
1514 1441 74 23 einer
1605 1442 111 23 kleinen
1733 1443 159 30 originellen
1910 1444 158 30 Radierung
2088 1445 103 29 (Berlin

818 1473 118 32 516/58),
949 1474 29 23 in
990 1475 48 22 der
1049 1488 35 3 —
1095 1482 56 15 was
1164 1475 62 22 sehr
1237 1474 88 23 selten
1336 1475 37 22 ist
1384 1489 37 3 —
1433 1477 50 22 das
1494 1477 29 22 in
1535 1478 48 22 der
1591 1477 103 23 Antike
1705 1478 188 30 vorgebildete
1900 1479 90 23 Motiv
2001 1480 49 22 der
2061 1480 43 22 ins
2117 1480 73 23 Knie

817 1510 175 30 gesunkenen
1008 1510 118 30 Daphne
1141 1511 170 25 vorkommt;
1329 1510 54 29 vgl.
1400 1512 73 23 auch
1489 1512 44 22 die
1549 1513 146 22 Bonasone
1710 1513 227 31 zugeschriebene
1953 1515 237 23 Ornamentstich-

818 1544 157 31 Zeichnung
991 1545 38 23 im
1048 1546 88 22 South
1154 1545 314 32 Kensington-Museum
1484 1548 115 22 London
1616 1548 31 22 E.
1660 1549 156 28 665—1929
1835 1549 80 30 (Abb.
1934 1550 40 23 in:
1992 1550 123 22 Victoria
2132 1550 56 22 und

816 1581 243 27 Albert-Museum,
1080 1582 112 22 Review
1209 1582 29 23 of
1254 1583 49 21 the
1322 1601 6 4 .
1342 1601 4 4 .
1361 1601 4 4 .
1386 1581 180 32 acquisitions
1585 1602 5 4 .
1605 1602 5 3 .
1624 1602 5 3 .
1650 1590 75 22 1929,
1745 1585 116 24 London
1881 1592 74 22 1930,
1976 1586 53 30 27).

896 1616 25 30 2)
936 1617 118 23 Bartsch
1064 1618 54 26 III,
1138 1618 26 22 S.
1178 1625 57 21 105,
1252 1618 48 22 Nr.
1315 1625 42 22 14;
1371 1617 118 28 Henkel,
1505 1619 142 29 Vorträge,
1667 1620 27 22 S.
1708 1627 56 22 115.
1778 1619 178 32 Ausführung
1967 1622 48 22 der
2028 1621 93 23 Stiche
2132 1629 56 15 von

818 1651 197 24 Schülerhand.

896 1687 25 30 3)
937 1686 116 29 Henkel,
1071 1688 143 30 Vorträge,
1237 1689 26 22 S.
1277 1695 49 23 127
1345 1688 57 23 und
1422 1688 70 24 Abb.
1505 1689 42 23 68.
1561 1689 61 30 Vgl.
1638 1690 71 22 auch
1722 1690 54 23 den
1792 1690 77 24 Stich
1883 1692 72 22 nach
1969 1692 178 29 Diepenbeek
2159 1692 31 21 in

816 1721 161 28 „Tableaux
991 1724 36 22 du
1041 1723 103 30 temple
1157 1724 48 22 des
1218 1723 119 27 Muses",
1352 1724 78 23 Paris
1446 1726 74 27 1655,
1537 1724 26 23 S.
1576 1731 33 21 99
1625 1725 61 29 (mit
1699 1726 54 22 den
1766 1726 103 23 Versen
1882 1734 50 15 aus
1945 1727 123 22 Nonnos’
2084 1727 105 29 Diony-

816 1757 74 23 siaca
903 1758 79 22 Buch
995 1758 53 30 42).

895 1792 25 30 4)
934 1793 213 30 Versteigerung
1177 1794 136 23 Grützner
1340 1794 29 23 in
1396 1794 139 24 München
1566 1795 139 30 (Helbing)
1731 1803 46 15 am
1801 1803 40 22 24.
1871 1797 67 30 Juni
1965 1804 74 22 1930,
2066 1796 48 23 Nr.
2127 1803 59 23 412,

816 1827 59 23 Taf.
888 1828 110 23 XXXI.
1013 1830 44 21 Im
1069 1829 190 30 Hintergrund
1273 1830 118 29 Daphne
1404 1829 49 24 auf
1465 1831 48 22 der
1526 1830 174 30 Hirschjagd.
1717 1831 68 23 Sehr
1796 1831 134 28 komisch,
1944 1832 51 22 wie
2007 1832 45 22 ein
2065 1833 112 22 erstaun­

815 1865 44 20 ter
876 1863 87 23 Hund
980 1871 70 16 vorn
1068 1872 49 14 vor
1135 1865 63 22 dem
1216 1865 72 22 Paar
1305 1864 255 31 Peneios-Haltung
1577 1866 220 31 aufgeschnappt
1814 1867 58 23 hat.

896 1898 26 29 5)
937 1899 49 23 Ph.
998 1907 56 15 van
1075 1900 90 22 Gunst
1178 1899 39 31 (?)
1236 1900 30 22 in
1284 1900 49 22 der
1351 1900 179 24 Picartschen
1543 1901 135 29 Ausgabe,
1694 1902 176 24 Amsterdam
1887 1909 74 23 1732.
1978 1902 79 23 Nahe
2071 1909 36 15 an
2123 1902 54 22 Ber­

816 1933 59 24 nini
885 1933 60 23 hält
957 1934 59 23 sich
1028 1936 71 21 auch
1111 1935 44 23 die
1166 1935 30 22 in
1207 1935 61 23 eine
1280 1935 221 24 Felslandschaft
1512 1939 120 26 gesetzte
1647 1937 111 30 Gruppe
1772 1937 130 24 Salomon
1916 1938 123 22 Geßners
2050 1944 56 15 von
2121 1937 67 29 1780

818 1968 142 30 (Gouache
974 1969 39 23 im
1028 1971 118 21 Zürcher
1163 1971 171 26 Kunsthaus,
1350 1971 55 29 vgl.
1424 1972 29 22 P.
1466 1972 139 22 Leemann
1622 1979 53 15 van
1692 1972 76 27 Eick,
1782 1972 26 23 S.
1820 1972 42 27 G.,
1880 1972 221 31 Zürich-Leipzig
2111 1978 75 22 1930,

817 2004 28 24 S.
857 2011 63 22 314;
939 2004 40 23 im
998 2005 158 30 Gegensinn
1172 2006 105 22 radiert
1293 2013 57 15 von
1366 2006 130 23 Wilhelm
1517 2007 90 22 Kolbe
1626 2007 88 30 1811).

895 2038 26 30 6)
936 2040 117 27 Henkel,
1067 2041 142 29 Vorträge,
1226 2041 26 23 S.
1267 2041 72 29 136b
