<?xml version="1.0" encoding="UTF-8" standalone="yes"?>
<alto xmlns="http://www.loc.gov/standards/alto/ns-v2#" xmlns:xlink="http://www.w3.org/1999/xlink" xmlns:xsi="http://www.w3.org/2001/XMLSchema-instance" xsi:schemaLocation="http://www.loc.gov/standards/alto/ns-v2# http://www.loc.gov/standards/alto/alto-v2.0.xsd">
<Description>
<MeasurementUnit>pixel</MeasurementUnit>
<OCRProcessing ID="IdOcr"><ocrProcessingStep><processingDateTime>2018-03-22</processingDateTime><processingSoftware><softwareCreator>ABBYY</softwareCreator><softwareName>ABBYY FineReader Engine</softwareName><softwareVersion>11</softwareVersion></processingSoftware></ocrProcessingStep></OCRProcessing>
</Description>
<Styles>
</Styles>
<Layout>
<Page ID="Page1" PHYSICAL_IMG_NR="1" HEIGHT="3159" WIDTH="2464">
<TopMargin HEIGHT="236" WIDTH="2464" VPOS="0" HPOS="0">
</TopMargin>
<LeftMargin HEIGHT="2349" WIDTH="216" VPOS="236" HPOS="0">
</LeftMargin>
<RightMargin HEIGHT="2349" WIDTH="4" VPOS="236" HPOS="2460">
</RightMargin>
<BottomMargin HEIGHT="574" WIDTH="2464" VPOS="2585" HPOS="0">
</BottomMargin>
<PrintSpace HEIGHT="2349" WIDTH="2244" VPOS="236" HPOS="216">
<ComposedBlock ID="Page1_Block1" HEIGHT="49" WIDTH="1379" VPOS="350" HPOS="225" TYPE="container"><Shape><Polygon POINTS="244,357 1622,357 1622,402 244,402 244,357"/></Shape>
<TextBlock ID="Page1_Block2" HEIGHT="44" WIDTH="311" VPOS="355" HPOS="225" language="de"><Shape><Polygon POINTS="244,358 555,358 555,402 244,402 244,358"/></Shape>
<TextLine HEIGHT="34" WIDTH="299" VPOS="360" HPOS="231"><String WC="0.6342856884" CONTENT="Spencer" HEIGHT="31" WIDTH="113" VPOS="362" HPOS="231"/><SP WIDTH="14" VPOS="368" HPOS="345"/><String WC="0.6600000262" CONTENT="und" HEIGHT="24" WIDTH="55" VPOS="361" HPOS="360"/><SP WIDTH="13" VPOS="361" HPOS="416"/><String WC="0.5816666484" CONTENT="Milton" HEIGHT="23" WIDTH="100" VPOS="361" HPOS="430"/></TextLine>
</TextBlock>
<TextBlock ID="Page1_Block3" HEIGHT="44" WIDTH="52" VPOS="350" HPOS="1552" language="de"><Shape><Polygon POINTS="1570,357 1622,357 1622,401 1570,401 1570,357"/></Shape>
<TextLine HEIGHT="32" WIDTH="40" VPOS="356" HPOS="1558"><String WC="0.9300000072" CONTENT="53" HEIGHT="32" WIDTH="40" VPOS="356" HPOS="1558"/></TextLine>
</TextBlock></ComposedBlock>
<ComposedBlock ID="Page1_Block4" HEIGHT="2172" WIDTH="1416" VPOS="413" HPOS="216" TYPE="container"><Shape><Polygon POINTS="235,420 1636,420 1636,2586 235,2586 235,420"/></Shape>
<TextBlock ID="Page1_Block5" HEIGHT="1180" WIDTH="1402" VPOS="413" HPOS="218" language="de"><Shape><Polygon POINTS="237,420 1630,420 1630,1595 237,1595 237,420"/></Shape>
<TextLine HEIGHT="44" WIDTH="734" VPOS="418" HPOS="507"><String WC="0.7850000262" CONTENT="Daphne" HEIGHT="37" WIDTH="137" VPOS="424" HPOS="507"/><SP WIDTH="13" VPOS="432" HPOS="644"/><String WC="0.96714288" CONTENT="persu’d" HEIGHT="37" WIDTH="130" VPOS="422" HPOS="657"/><SP WIDTH="13" VPOS="422" HPOS="787"/><String WC="1." CONTENT="so" HEIGHT="19" WIDTH="35" VPOS="430" HPOS="800"/><SP WIDTH="14" VPOS="430" HPOS="835"/><String WC="0.9628571272" CONTENT="closely" HEIGHT="37" WIDTH="120" VPOS="420" HPOS="849"/><SP WIDTH="11" VPOS="423" HPOS="969"/><String WC="1." CONTENT="that" HEIGHT="26" WIDTH="75" VPOS="421" HPOS="980"/><SP WIDTH="14" VPOS="422" HPOS="1055"/><String WC="1." CONTENT="she" HEIGHT="28" WIDTH="56" VPOS="419" HPOS="1069"/><SP WIDTH="13" VPOS="420" HPOS="1125"/><String WC="0.9350000024" CONTENT="feares" HEIGHT="30" WIDTH="103" VPOS="419" HPOS="1138"/></TextLine>
<TextLine HEIGHT="44" WIDTH="833" VPOS="461" HPOS="511"><String WC="1." CONTENT="She" HEIGHT="28" WIDTH="60" VPOS="468" HPOS="511"/><SP WIDTH="12" VPOS="476" HPOS="572"/><String WC="0.7540000081" CONTENT="shall" HEIGHT="27" WIDTH="81" VPOS="467" HPOS="585"/><SP WIDTH="11" VPOS="466" HPOS="667"/><String WC="0.7350000143" CONTENT="be" HEIGHT="27" WIDTH="39" VPOS="466" HPOS="679"/><SP WIDTH="13" VPOS="468" HPOS="719"/><String WC="0.9350000024" CONTENT="taine;" HEIGHT="33" WIDTH="100" VPOS="465" HPOS="733"/><SP WIDTH="15" VPOS="474" HPOS="834"/><String WC="0.9233333468" CONTENT="prayes" HEIGHT="29" WIDTH="116" VPOS="472" HPOS="850"/><SP WIDTH="12" VPOS="473" HPOS="967"/><String WC="0.7574999928" CONTENT="with" HEIGHT="28" WIDTH="78" VPOS="463" HPOS="980"/><SP WIDTH="12" VPOS="462" HPOS="1059"/><String WC="0.8811110854" CONTENT="relenting" HEIGHT="38" WIDTH="156" VPOS="463" HPOS="1072"/><SP WIDTH="11" VPOS="466" HPOS="1229"/><String WC="0.9666666389" CONTENT="teares" HEIGHT="25" WIDTH="103" VPOS="466" HPOS="1241"/></TextLine>
<TextLine HEIGHT="45" WIDTH="879" VPOS="504" HPOS="507"><String WC="0.896666646" CONTENT="For" HEIGHT="27" WIDTH="62" VPOS="512" HPOS="507"/><SP WIDTH="11" VPOS="510" HPOS="570"/><String WC="0.9049999714" CONTENT="helpe:" HEIGHT="36" WIDTH="106" VPOS="510" HPOS="582"/><SP WIDTH="14" VPOS="510" HPOS="689"/><String WC="0.8000000119" CONTENT="The" HEIGHT="29" WIDTH="66" VPOS="508" HPOS="704"/><SP WIDTH="15" VPOS="507" HPOS="771"/><String WC="0.8849999905" CONTENT="Gods" HEIGHT="28" WIDTH="88" VPOS="507" HPOS="787"/><SP WIDTH="12" VPOS="517" HPOS="876"/><String WC="0.9024999738" CONTENT="when" HEIGHT="28" WIDTH="91" VPOS="507" HPOS="889"/><SP WIDTH="12" VPOS="509" HPOS="981"/><String WC="0.7975000143" CONTENT="they" HEIGHT="38" WIDTH="80" VPOS="506" HPOS="994"/><SP WIDTH="10" VPOS="506" HPOS="1075"/><String WC="0.7633333206" CONTENT="her" HEIGHT="28" WIDTH="57" VPOS="506" HPOS="1086"/><SP WIDTH="13" VPOS="516" HPOS="1144"/><String WC="1." CONTENT="mone" HEIGHT="20" WIDTH="93" VPOS="515" HPOS="1158"/><SP WIDTH="13" VPOS="507" HPOS="1252"/><String WC="0.9533333182" CONTENT="did" HEIGHT="27" WIDTH="55" VPOS="507" HPOS="1266"/><SP WIDTH="13" VPOS="507" HPOS="1322"/><String WC="1." CONTENT="see" HEIGHT="20" WIDTH="50" VPOS="516" HPOS="1336"/></TextLine>
<TextLine HEIGHT="43" WIDTH="724" VPOS="547" HPOS="508"><String WC="0.875" CONTENT="Turn’d" HEIGHT="29" WIDTH="120" VPOS="554" HPOS="508"/><SP WIDTH="11" VPOS="553" HPOS="629"/><String WC="0.8633333445" CONTENT="her" HEIGHT="28" WIDTH="56" VPOS="553" HPOS="641"/><SP WIDTH="12" VPOS="553" HPOS="698"/><String WC="0.7925000191" CONTENT="into" HEIGHT="28" WIDTH="68" VPOS="552" HPOS="711"/><SP WIDTH="13" VPOS="561" HPOS="780"/><String WC="1." CONTENT="a" HEIGHT="18" WIDTH="19" VPOS="561" HPOS="794"/><SP WIDTH="11" VPOS="550" HPOS="814"/><String WC="0.9340000153" CONTENT="faire" HEIGHT="30" WIDTH="80" VPOS="549" HPOS="826"/><SP WIDTH="12" VPOS="560" HPOS="907"/><String WC="0.9480000138" CONTENT="green" HEIGHT="27" WIDTH="95" VPOS="560" HPOS="920"/><SP WIDTH="13" VPOS="551" HPOS="1016"/><String WC="0.8700000048" CONTENT="Lawrel" HEIGHT="29" WIDTH="122" VPOS="550" HPOS="1030"/><SP WIDTH="12" VPOS="551" HPOS="1153"/><String WC="1." CONTENT="tree" HEIGHT="27" WIDTH="66" VPOS="551" HPOS="1166"/></TextLine>
<TextLine HEIGHT="40" WIDTH="890" VPOS="592" HPOS="505"><String WC="0.7733333111" CONTENT="her" HEIGHT="27" WIDTH="57" VPOS="599" HPOS="506"/><SP WIDTH="12" VPOS="599" HPOS="564"/><String WC="1." CONTENT="feete" HEIGHT="27" WIDTH="81" VPOS="598" HPOS="577"/><SP WIDTH="13" VPOS="599" HPOS="659"/><String WC="1." CONTENT="to" HEIGHT="25" WIDTH="34" VPOS="599" HPOS="673"/><SP WIDTH="11" VPOS="606" HPOS="708"/><String WC="0.9016666412" CONTENT="rootes" HEIGHT="27" WIDTH="106" VPOS="597" HPOS="720"/><SP WIDTH="12" VPOS="605" HPOS="827"/><String WC="0.9649999738" CONTENT="were" HEIGHT="20" WIDTH="81" VPOS="603" HPOS="840"/><SP WIDTH="12" VPOS="597" HPOS="922"/><String WC="0.7814285755" CONTENT="turn’d," HEIGHT="34" WIDTH="121" VPOS="594" HPOS="934"/><SP WIDTH="15" VPOS="596" HPOS="1055"/><String WC="1." CONTENT="to" HEIGHT="25" WIDTH="35" VPOS="596" HPOS="1070"/><SP WIDTH="12" VPOS="594" HPOS="1105"/><String WC="0.8616666794" CONTENT="leaues" HEIGHT="27" WIDTH="108" VPOS="594" HPOS="1117"/><SP WIDTH="13" VPOS="593" HPOS="1225"/><String WC="1." CONTENT="her" HEIGHT="28" WIDTH="56" VPOS="593" HPOS="1238"/><SP WIDTH="13" VPOS="594" HPOS="1294"/><String WC="0.7519999743" CONTENT="haire" HEIGHT="29" WIDTH="88" VPOS="593" HPOS="1307"/></TextLine>
<TextLine HEIGHT="42" WIDTH="746" VPOS="636" HPOS="506"><String WC="0.9100000262" CONTENT="her" HEIGHT="27" WIDTH="56" VPOS="643" HPOS="506"/><SP WIDTH="12" VPOS="651" HPOS="563"/><String WC="1." CONTENT="armes" HEIGHT="18" WIDTH="103" VPOS="650" HPOS="576"/><SP WIDTH="12" VPOS="643" HPOS="680"/><String WC="0.7799999714" CONTENT="to" HEIGHT="25" WIDTH="35" VPOS="643" HPOS="693"/><SP WIDTH="12" VPOS="639" HPOS="729"/><String WC="0.9633333087" CONTENT="branches," HEIGHT="34" WIDTH="167" VPOS="638" HPOS="742"/><SP WIDTH="14" VPOS="647" HPOS="910"/><String WC="0.8299999833" CONTENT="and" HEIGHT="27" WIDTH="64" VPOS="638" HPOS="925"/><SP WIDTH="11" VPOS="638" HPOS="990"/><String WC="0.8133333325" CONTENT="her" HEIGHT="28" WIDTH="56" VPOS="638" HPOS="1002"/><SP WIDTH="13" VPOS="637" HPOS="1059"/><String WC="1." CONTENT="body" HEIGHT="37" WIDTH="88" VPOS="637" HPOS="1073"/><SP WIDTH="10" VPOS="638" HPOS="1162"/><String WC="0.9480000138" CONTENT="faire" HEIGHT="29" WIDTH="79" VPOS="636" HPOS="1173"/></TextLine>
<TextLine HEIGHT="41" WIDTH="732" VPOS="680" HPOS="507"><String WC="0.9574999809" CONTENT="with" HEIGHT="28" WIDTH="76" VPOS="685" HPOS="507"/><SP WIDTH="13" VPOS="685" HPOS="584"/><String WC="0.9350000024" CONTENT="tender" HEIGHT="28" WIDTH="111" VPOS="684" HPOS="598"/><SP WIDTH="12" VPOS="693" HPOS="710"/><String WC="0.8820000291" CONTENT="rinde" HEIGHT="28" WIDTH="89" VPOS="683" HPOS="723"/><SP WIDTH="13" VPOS="693" HPOS="813"/><String WC="1." CONTENT="was" HEIGHT="19" WIDTH="66" VPOS="692" HPOS="827"/><SP WIDTH="12" VPOS="682" HPOS="894"/><String WC="0.9850000143" CONTENT="hid:" HEIGHT="28" WIDTH="70" VPOS="682" HPOS="907"/><SP WIDTH="13" VPOS="683" HPOS="978"/><String WC="0.9383333325" CONTENT="Apollo" HEIGHT="37" WIDTH="116" VPOS="681" HPOS="992"/><SP WIDTH="13" VPOS="691" HPOS="1109"/><String WC="0.9179999828" CONTENT="moued" HEIGHT="29" WIDTH="116" VPOS="680" HPOS="1123"/></TextLine>
<TextLine HEIGHT="43" WIDTH="755" VPOS="723" HPOS="508"><String WC="0.7400000095" CONTENT="To" HEIGHT="27" WIDTH="44" VPOS="730" HPOS="508"/><SP WIDTH="13" VPOS="738" HPOS="553"/><String WC="0.9250000119" CONTENT="pitty," HEIGHT="39" WIDTH="99" VPOS="727" HPOS="566"/><SP WIDTH="13" VPOS="737" HPOS="665"/><String WC="0.9039999843" CONTENT="still" HEIGHT="28" WIDTH="66" VPOS="727" HPOS="679"/><SP WIDTH="12" VPOS="727" HPOS="746"/><String WC="0.9366666675" CONTENT="the" HEIGHT="27" WIDTH="55" VPOS="727" HPOS="759"/><SP WIDTH="12" VPOS="727" HPOS="815"/><String WC="0.9739999771" CONTENT="fresh" HEIGHT="29" WIDTH="87" VPOS="726" HPOS="828"/><SP WIDTH="13" VPOS="726" HPOS="916"/><String WC="0.94599998" CONTENT="green" HEIGHT="28" WIDTH="95" VPOS="735" HPOS="929"/><SP WIDTH="12" VPOS="726" HPOS="1024"/><String WC="0.8299999833" CONTENT="lawrel" HEIGHT="29" WIDTH="107" VPOS="725" HPOS="1037"/><SP WIDTH="12" VPOS="725" HPOS="1145"/><String WC="0.8483333588" CONTENT="loued." HEIGHT="29" WIDTH="104" VPOS="724" HPOS="1158"/></TextLine>
<TextLine HEIGHT="49" WIDTH="1296" VPOS="791" HPOS="310"><String WC="0.8050000072" CONTENT="Im" HEIGHT="27" WIDTH="48" VPOS="801" HPOS="310"/><SP WIDTH="16" VPOS="801" HPOS="359"/><String WC="0.7971428633" CONTENT="übrigen" HEIGHT="38" WIDTH="131" VPOS="800" HPOS="376"/><SP WIDTH="16" VPOS="800" HPOS="508"/><String WC="0.7900000215" CONTENT="hat" HEIGHT="28" WIDTH="57" VPOS="799" HPOS="525"/><SP WIDTH="17" VPOS="800" HPOS="583"/><String WC="0.9375" CONTENT="sich" HEIGHT="28" WIDTH="66" VPOS="798" HPOS="601"/><SP WIDTH="16" VPOS="798" HPOS="668"/><String WC="0.6850000024" CONTENT="wohl" HEIGHT="29" WIDTH="84" VPOS="797" HPOS="685"/><SP WIDTH="15" VPOS="798" HPOS="770"/><String WC="0.9385714531" CONTENT="niemand" HEIGHT="29" WIDTH="152" VPOS="796" HPOS="786"/><SP WIDTH="15" VPOS="796" HPOS="939"/><String WC="1." CONTENT="gern" HEIGHT="28" WIDTH="77" VPOS="805" HPOS="955"/><SP WIDTH="17" VPOS="805" HPOS="1033"/><String WC="0.9966666698" CONTENT="mit" HEIGHT="29" WIDTH="60" VPOS="795" HPOS="1051"/><SP WIDTH="18" VPOS="795" HPOS="1112"/><String WC="1." CONTENT="der" HEIGHT="28" WIDTH="55" VPOS="795" HPOS="1131"/><SP WIDTH="19" VPOS="795" HPOS="1187"/><String WC="0.8572727442" CONTENT="Schilderung" HEIGHT="40" WIDTH="208" VPOS="793" HPOS="1207"/><SP WIDTH="16" VPOS="794" HPOS="1416"/><String WC="1." CONTENT="der" HEIGHT="29" WIDTH="55" VPOS="794" HPOS="1433"/><SP WIDTH="17" VPOS="795" HPOS="1489"/><String WC="0.9925000072" CONTENT="Meta" HEIGHT="29" WIDTH="86" VPOS="794" HPOS="1507" SUBS_TYPE="HypPart1" SUBS_CONTENT="Metamorphosen"/><HYP CONTENT="­"/></TextLine>
<TextLine HEIGHT="50" WIDTH="1378" VPOS="834" HPOS="229"><String WC="0.9933333397" CONTENT="morphosen" HEIGHT="39" WIDTH="189" VPOS="844" HPOS="229" SUBS_TYPE="HypPart2" SUBS_CONTENT="Metamorphosen"/><SP WIDTH="19" VPOS="853" HPOS="419"/><String WC="0.9166666865" CONTENT="messen" HEIGHT="18" WIDTH="122" VPOS="853" HPOS="439"/><SP WIDTH="19" VPOS="852" HPOS="562"/><String WC="0.7699999809" CONTENT="wollen," HEIGHT="34" WIDTH="122" VPOS="842" HPOS="582"/><SP WIDTH="20" VPOS="842" HPOS="705"/><String WC="0.9333333373" CONTENT="die" HEIGHT="29" WIDTH="50" VPOS="841" HPOS="726"/><SP WIDTH="19" VPOS="851" HPOS="777"/><String WC="0.8799999952" CONTENT="wie" HEIGHT="28" WIDTH="59" VPOS="841" HPOS="797"/><SP WIDTH="20" VPOS="841" HPOS="857"/><String WC="1." CONTENT="der" HEIGHT="29" WIDTH="56" VPOS="840" HPOS="878"/><SP WIDTH="18" VPOS="849" HPOS="935"/><String WC="0.9539999962" CONTENT="ganze" HEIGHT="29" WIDTH="99" VPOS="848" HPOS="954"/><SP WIDTH="20" VPOS="839" HPOS="1054"/><String WC="0.7099999785" CONTENT="Ovid" HEIGHT="29" WIDTH="85" VPOS="838" HPOS="1075"/><SP WIDTH="19" VPOS="839" HPOS="1161"/><String WC="0.8149999976" CONTENT="Besitz" HEIGHT="29" WIDTH="107" VPOS="838" HPOS="1181"/><SP WIDTH="19" VPOS="838" HPOS="1289"/><String WC="0.9739999771" CONTENT="jedes" HEIGHT="39" WIDTH="87" VPOS="837" HPOS="1309"/><SP WIDTH="21" VPOS="837" HPOS="1397"/><String WC="0.8569999933" CONTENT="Gebildeten" HEIGHT="31" WIDTH="188" VPOS="836" HPOS="1419"/></TextLine>
<TextLine HEIGHT="48" WIDTH="1379" VPOS="879" HPOS="228"><String WC="1." CONTENT="waren;" HEIGHT="24" WIDTH="118" VPOS="897" HPOS="228"/><SP WIDTH="12" VPOS="897" HPOS="347"/><String WC="0.8066666722" CONTENT="und" HEIGHT="30" WIDTH="66" VPOS="886" HPOS="360"/><SP WIDTH="11" VPOS="887" HPOS="427"/><String WC="0.9900000095" CONTENT="so" HEIGHT="19" WIDTH="34" VPOS="896" HPOS="439"/><SP WIDTH="11" VPOS="896" HPOS="474"/><String WC="0.9725000262" CONTENT="sehr" HEIGHT="28" WIDTH="72" VPOS="887" HPOS="486"/><SP WIDTH="11" VPOS="887" HPOS="559"/><String WC="0.9300000072" CONTENT="diese" HEIGHT="29" WIDTH="84" VPOS="886" HPOS="571"/><SP WIDTH="14" VPOS="886" HPOS="656"/><String WC="0.8736363649" CONTENT="Schilderung" HEIGHT="38" WIDTH="208" VPOS="885" HPOS="671"/><SP WIDTH="10" VPOS="885" HPOS="880"/><String WC="1." CONTENT="den" HEIGHT="29" WIDTH="62" VPOS="884" HPOS="891"/><SP WIDTH="10" VPOS="884" HPOS="954"/><String WC="0.8277778029" CONTENT="bildenden" HEIGHT="30" WIDTH="204" VPOS="882" HPOS="965"/><SP WIDTH="13" VPOS="883" HPOS="1170"/><String WC="0.9887499809" CONTENT="Künstler" HEIGHT="29" WIDTH="154" VPOS="882" HPOS="1184"/><SP WIDTH="11" VPOS="891" HPOS="1339"/><String WC="0.5899999738" CONTENT="zu" HEIGHT="19" WIDTH="39" VPOS="892" HPOS="1351"/><SP WIDTH="11" VPOS="882" HPOS="1391"/><String WC="0.9909090996" CONTENT="kongenialer" HEIGHT="38" WIDTH="204" VPOS="881" HPOS="1403"/></TextLine>
<TextLine HEIGHT="53" WIDTH="1379" VPOS="918" HPOS="229"><String WC="0.9100000262" CONTENT="Übertragung" HEIGHT="45" WIDTH="224" VPOS="925" HPOS="229"/><SP WIDTH="16" VPOS="931" HPOS="454"/><String WC="0.8199999928" CONTENT="in" HEIGHT="27" WIDTH="32" VPOS="931" HPOS="471"/><SP WIDTH="18" VPOS="941" HPOS="504"/><String WC="0.94599998" CONTENT="seine" HEIGHT="29" WIDTH="84" VPOS="930" HPOS="523"/><SP WIDTH="18" VPOS="931" HPOS="608"/><String WC="0.9900000095" CONTENT="Formen" HEIGHT="29" WIDTH="137" VPOS="929" HPOS="627"/><SP WIDTH="16" VPOS="938" HPOS="765"/><String WC="1." CONTENT="reizen" HEIGHT="28" WIDTH="105" VPOS="929" HPOS="782"/><SP WIDTH="19" VPOS="938" HPOS="888"/><String WC="1." CONTENT="mußte," HEIGHT="35" WIDTH="122" VPOS="927" HPOS="908"/><SP WIDTH="19" VPOS="937" HPOS="1031"/><String WC="1." CONTENT="so" HEIGHT="20" WIDTH="35" VPOS="935" HPOS="1051"/><SP WIDTH="17" VPOS="935" HPOS="1087"/><String WC="0.9350000024" CONTENT="sehr" HEIGHT="29" WIDTH="73" VPOS="926" HPOS="1105"/><SP WIDTH="18" VPOS="936" HPOS="1179"/><String WC="0.8759999871" CONTENT="mußte" HEIGHT="29" WIDTH="113" VPOS="926" HPOS="1198"/><SP WIDTH="18" VPOS="935" HPOS="1312"/><String WC="0.8299999833" CONTENT="sie" HEIGHT="28" WIDTH="44" VPOS="926" HPOS="1331"/><SP WIDTH="18" VPOS="926" HPOS="1376"/><String WC="1." CONTENT="den" HEIGHT="29" WIDTH="61" VPOS="926" HPOS="1395"/><SP WIDTH="18" VPOS="926" HPOS="1457"/><String WC="0.8357142806" CONTENT="Dichter" HEIGHT="29" WIDTH="132" VPOS="925" HPOS="1476"/></TextLine>
<TextLine HEIGHT="48" WIDTH="1382" VPOS="967" HPOS="227"><String WC="1." CONTENT="vor" HEIGHT="19" WIDTH="58" VPOS="985" HPOS="227"/><SP WIDTH="19" VPOS="985" HPOS="286"/><String WC="0.7364285588" CONTENT="unzureichender" HEIGHT="30" WIDTH="266" VPOS="974" HPOS="306"/><SP WIDTH="21" VPOS="974" HPOS="573"/><String WC="0.92900002" CONTENT="Konkurrenz" HEIGHT="31" WIDTH="209" VPOS="972" HPOS="595"/><SP WIDTH="19" VPOS="983" HPOS="805"/><String WC="0.9914285541" CONTENT="warnen." HEIGHT="19" WIDTH="139" VPOS="982" HPOS="825"/><SP WIDTH="21" VPOS="973" HPOS="965"/><String WC="0.8899999857" CONTENT="Dafür" HEIGHT="29" WIDTH="105" VPOS="971" HPOS="987"/><SP WIDTH="19" VPOS="980" HPOS="1093"/><String WC="0.8149999976" CONTENT="aber" HEIGHT="27" WIDTH="76" VPOS="971" HPOS="1113"/><SP WIDTH="20" VPOS="971" HPOS="1190"/><String WC="0.9599999785" CONTENT="bemächtigte" HEIGHT="39" WIDTH="215" VPOS="969" HPOS="1211"/><SP WIDTH="20" VPOS="980" HPOS="1427"/><String WC="0.8725000024" CONTENT="sich" HEIGHT="28" WIDTH="66" VPOS="970" HPOS="1448"/><SP WIDTH="20" VPOS="970" HPOS="1515"/><String WC="0.8949999809" CONTENT="früh" HEIGHT="29" WIDTH="73" VPOS="969" HPOS="1536"/></TextLine>
<TextLine HEIGHT="46" WIDTH="1160" VPOS="1013" HPOS="229"><String WC="0.9700000286" CONTENT="und" HEIGHT="29" WIDTH="65" VPOS="1019" HPOS="229"/><SP WIDTH="16" VPOS="1019" HPOS="295"/><String WC="0.8863636255" CONTENT="entschieden" HEIGHT="30" WIDTH="203" VPOS="1018" HPOS="312"/><SP WIDTH="17" VPOS="1029" HPOS="516"/><String WC="0.9474999905" CONTENT="eine" HEIGHT="29" WIDTH="68" VPOS="1018" HPOS="534"/><SP WIDTH="17" VPOS="1028" HPOS="603"/><String WC="0.8399999738" CONTENT="neue" HEIGHT="20" WIDTH="80" VPOS="1027" HPOS="621"/><SP WIDTH="18" VPOS="1019" HPOS="702"/><String WC="0.9183333516" CONTENT="Kunstgattung" HEIGHT="39" WIDTH="248" VPOS="1017" HPOS="721"/><SP WIDTH="17" VPOS="1016" HPOS="970"/><String WC="1." CONTENT="des" HEIGHT="28" WIDTH="55" VPOS="1016" HPOS="988"/><SP WIDTH="17" VPOS="1016" HPOS="1044"/><String WC="0.9814285636" CONTENT="Motivs:" HEIGHT="30" WIDTH="131" VPOS="1014" HPOS="1062"/><SP WIDTH="20" VPOS="1014" HPOS="1194"/><String WC="1." CONTENT="die" HEIGHT="29" WIDTH="49" VPOS="1014" HPOS="1215"/><SP WIDTH="19" VPOS="1014" HPOS="1265"/><String WC="0.9440000057" CONTENT="Oper." HEIGHT="37" WIDTH="104" VPOS="1014" HPOS="1285"/></TextLine>
<TextLine HEIGHT="47" WIDTH="1301" VPOS="1055" HPOS="308"><String WC="0.9449999928" CONTENT="Da" HEIGHT="29" WIDTH="52" VPOS="1064" HPOS="308"/><SP WIDTH="19" VPOS="1064" HPOS="360"/><String WC="1." CONTENT="die" HEIGHT="29" WIDTH="51" VPOS="1063" HPOS="379"/><SP WIDTH="20" VPOS="1063" HPOS="430"/><String WC="0.9850000143" CONTENT="Oper" HEIGHT="37" WIDTH="86" VPOS="1063" HPOS="450"/><SP WIDTH="20" VPOS="1073" HPOS="536"/><String WC="0.9066666961" CONTENT="mit" HEIGHT="28" WIDTH="60" VPOS="1063" HPOS="556"/><SP WIDTH="21" VPOS="1062" HPOS="616"/><String WC="1." CONTENT="dem" HEIGHT="28" WIDTH="73" VPOS="1062" HPOS="637"/><SP WIDTH="19" VPOS="1063" HPOS="710"/><String WC="0.8774999976" CONTENT="Anspruch" HEIGHT="38" WIDTH="171" VPOS="1062" HPOS="729"/><SP WIDTH="19" VPOS="1061" HPOS="900"/><String WC="1." CONTENT="ins" HEIGHT="28" WIDTH="50" VPOS="1061" HPOS="919"/><SP WIDTH="19" VPOS="1060" HPOS="969"/><String WC="0.9779999852" CONTENT="Leben" HEIGHT="30" WIDTH="106" VPOS="1058" HPOS="989"/><SP WIDTH="18" VPOS="1061" HPOS="1096"/><String WC="0.9700000286" CONTENT="trat," HEIGHT="31" WIDTH="77" VPOS="1061" HPOS="1115"/><SP WIDTH="22" VPOS="1058" HPOS="1192"/><String WC="0.9866666794" CONTENT="das" HEIGHT="30" WIDTH="57" VPOS="1057" HPOS="1214"/><SP WIDTH="18" VPOS="1068" HPOS="1272"/><String WC="1." CONTENT="antike" HEIGHT="29" WIDTH="109" VPOS="1058" HPOS="1291"/><SP WIDTH="21" VPOS="1057" HPOS="1401"/><String WC="0.8560000062" CONTENT="Schauspiel" HEIGHT="39" WIDTH="186" VPOS="1056" HPOS="1423"/></TextLine>
<TextLine HEIGHT="44" WIDTH="1380" VPOS="1099" HPOS="229"><String WC="0.8268421292" CONTENT="wiederherzustellen," HEIGHT="36" WIDTH="335" VPOS="1107" HPOS="229"/><SP WIDTH="14" VPOS="1107" HPOS="565"/><String WC="1." CONTENT="ist" HEIGHT="28" WIDTH="43" VPOS="1107" HPOS="580"/><SP WIDTH="14" VPOS="1108" HPOS="624"/><String WC="1." CONTENT="es" HEIGHT="19" WIDTH="33" VPOS="1116" HPOS="639"/><SP WIDTH="14" VPOS="1107" HPOS="673"/><String WC="0.9375" CONTENT="kein" HEIGHT="30" WIDTH="73" VPOS="1105" HPOS="688"/><SP WIDTH="14" VPOS="1106" HPOS="762"/><String WC="0.9842857122" CONTENT="Wunder," HEIGHT="34" WIDTH="152" VPOS="1105" HPOS="777"/><SP WIDTH="17" VPOS="1105" HPOS="930"/><String WC="1." CONTENT="daß" HEIGHT="29" WIDTH="63" VPOS="1104" HPOS="948"/><SP WIDTH="14" VPOS="1104" HPOS="1012"/><String WC="0.9200000167" CONTENT="sie" HEIGHT="29" WIDTH="44" VPOS="1103" HPOS="1027"/><SP WIDTH="15" VPOS="1113" HPOS="1072"/><String WC="0.7674999833" CONTENT="sich" HEIGHT="29" WIDTH="67" VPOS="1102" HPOS="1088"/><SP WIDTH="15" VPOS="1103" HPOS="1156"/><String WC="0.9900000095" CONTENT="sofort" HEIGHT="29" WIDTH="100" VPOS="1102" HPOS="1172"/><SP WIDTH="16" VPOS="1103" HPOS="1273"/><String WC="1." CONTENT="des" HEIGHT="28" WIDTH="54" VPOS="1103" HPOS="1290"/><SP WIDTH="15" VPOS="1112" HPOS="1345"/><String WC="0.9785714149" CONTENT="antiken" HEIGHT="30" WIDTH="130" VPOS="1101" HPOS="1361"/><SP WIDTH="18" VPOS="1101" HPOS="1492"/><String WC="0.8059999943" CONTENT="Stoff" HEIGHT="30" WIDTH="85" VPOS="1100" HPOS="1511" SUBS_TYPE="HypPart1" SUBS_CONTENT="Stoffgebiets"/><HYP CONTENT="­"/></TextLine>
<TextLine HEIGHT="48" WIDTH="1381" VPOS="1143" HPOS="228"><String WC="0.895714283" CONTENT="gebiets" HEIGHT="38" WIDTH="122" VPOS="1152" HPOS="228" SUBS_TYPE="HypPart2" SUBS_CONTENT="Stoffgebiets"/><SP WIDTH="16" VPOS="1153" HPOS="351"/><String WC="0.9466666579" CONTENT="bemächtigte," HEIGHT="39" WIDTH="227" VPOS="1151" HPOS="368"/><SP WIDTH="19" VPOS="1152" HPOS="596"/><String WC="1." CONTENT="das" HEIGHT="29" WIDTH="57" VPOS="1151" HPOS="616"/><SP WIDTH="16" VPOS="1151" HPOS="674"/><String WC="1." CONTENT="in" HEIGHT="27" WIDTH="32" VPOS="1151" HPOS="691"/><SP WIDTH="19" VPOS="1149" HPOS="724"/><String WC="0.8433333039" CONTENT="den" HEIGHT="29" WIDTH="60" VPOS="1149" HPOS="744"/><SP WIDTH="19" VPOS="1160" HPOS="805"/><String WC="1." CONTENT="„Intermedien&quot;" HEIGHT="36" WIDTH="260" VPOS="1147" HPOS="825"/><SP WIDTH="18" VPOS="1147" HPOS="1086"/><String WC="0.8866666555" CONTENT="ihr" HEIGHT="27" WIDTH="49" VPOS="1147" HPOS="1105"/><SP WIDTH="17" VPOS="1147" HPOS="1155"/><String WC="0.8349999785" CONTENT="ja" HEIGHT="37" WIDTH="33" VPOS="1147" HPOS="1173"/><SP WIDTH="18" VPOS="1156" HPOS="1207"/><String WC="0.8600000143" CONTENT="auch" HEIGHT="29" WIDTH="81" VPOS="1146" HPOS="1226"/><SP WIDTH="18" VPOS="1147" HPOS="1308"/><String WC="0.9181818366" CONTENT="unmittelbar" HEIGHT="30" WIDTH="210" VPOS="1145" HPOS="1327"/><SP WIDTH="17" VPOS="1155" HPOS="1538"/><String WC="0.9449999928" CONTENT="zu" HEIGHT="20" WIDTH="39" VPOS="1154" HPOS="1556" SUBS_TYPE="HypPart1" SUBS_CONTENT="zugeleitet"/><HYP CONTENT="­"/></TextLine>
<TextLine HEIGHT="47" WIDTH="1380" VPOS="1188" HPOS="229"><String WC="1." CONTENT="geleitet" HEIGHT="39" WIDTH="127" VPOS="1196" HPOS="229" SUBS_TYPE="HypPart2" SUBS_CONTENT="zugeleitet"/><SP WIDTH="18" VPOS="1199" HPOS="357"/><String WC="0.9100000262" CONTENT="wurde." HEIGHT="29" WIDTH="117" VPOS="1196" HPOS="376"/><SP WIDTH="19" VPOS="1197" HPOS="494"/><String WC="0.9185714126" CONTENT="Dennoch" HEIGHT="30" WIDTH="154" VPOS="1195" HPOS="514"/><SP WIDTH="16" VPOS="1195" HPOS="669"/><String WC="1." CONTENT="ist" HEIGHT="28" WIDTH="42" VPOS="1195" HPOS="686"/><SP WIDTH="17" VPOS="1197" HPOS="729"/><String WC="1." CONTENT="es" HEIGHT="20" WIDTH="32" VPOS="1203" HPOS="747"/><SP WIDTH="17" VPOS="1196" HPOS="780"/><String WC="0.9016666412" CONTENT="überraschend" HEIGHT="30" WIDTH="236" VPOS="1193" HPOS="798"/><SP WIDTH="16" VPOS="1193" HPOS="1035"/><String WC="1." CONTENT="zu" HEIGHT="19" WIDTH="40" VPOS="1201" HPOS="1052"/><SP WIDTH="17" VPOS="1201" HPOS="1093"/><String WC="1." CONTENT="sehen," HEIGHT="34" WIDTH="106" VPOS="1191" HPOS="1111"/><SP WIDTH="19" VPOS="1190" HPOS="1218"/><String WC="1." CONTENT="daß" HEIGHT="28" WIDTH="63" VPOS="1190" HPOS="1238"/><SP WIDTH="17" VPOS="1190" HPOS="1302"/><String WC="0.9750000238" CONTENT="sowohl" HEIGHT="31" WIDTH="119" VPOS="1189" HPOS="1320"/><SP WIDTH="17" VPOS="1190" HPOS="1440"/><String WC="1." CONTENT="die" HEIGHT="28" WIDTH="49" VPOS="1190" HPOS="1458"/><SP WIDTH="17" VPOS="1200" HPOS="1508"/><String WC="0.9720000029" CONTENT="erste" HEIGHT="27" WIDTH="83" VPOS="1191" HPOS="1526"/></TextLine>
<TextLine HEIGHT="45" WIDTH="1111" VPOS="1234" HPOS="228"><String WC="0.8241666555" CONTENT="italienische" HEIGHT="31" WIDTH="198" VPOS="1239" HPOS="228"/><SP WIDTH="18" VPOS="1250" HPOS="426"/><String WC="1." CONTENT="wie" HEIGHT="28" WIDTH="60" VPOS="1240" HPOS="444"/><SP WIDTH="19" VPOS="1241" HPOS="504"/><String WC="0.9566666484" CONTENT="die" HEIGHT="27" WIDTH="51" VPOS="1241" HPOS="523"/><SP WIDTH="18" VPOS="1249" HPOS="574"/><String WC="1." CONTENT="erste" HEIGHT="27" WIDTH="84" VPOS="1241" HPOS="592"/><SP WIDTH="19" VPOS="1239" HPOS="676"/><String WC="0.9337499738" CONTENT="deutsche" HEIGHT="31" WIDTH="152" VPOS="1237" HPOS="695"/><SP WIDTH="21" VPOS="1238" HPOS="847"/><String WC="0.9725000262" CONTENT="Oper" HEIGHT="39" WIDTH="86" VPOS="1236" HPOS="868"/><SP WIDTH="17" VPOS="1246" HPOS="954"/><String WC="1." CONTENT="eine" HEIGHT="28" WIDTH="70" VPOS="1237" HPOS="971"/><SP WIDTH="20" VPOS="1246" HPOS="1041"/><String WC="0.9524999857" CONTENT="„Daphne&quot;" HEIGHT="39" WIDTH="182" VPOS="1234" HPOS="1061"/><SP WIDTH="20" VPOS="1234" HPOS="1243"/><String WC="1." CONTENT="war." HEIGHT="18" WIDTH="76" VPOS="1244" HPOS="1263"/></TextLine>
<TextLine HEIGHT="48" WIDTH="1295" VPOS="1275" HPOS="313"><String WC="0.8428571224" CONTENT="Ottavio" HEIGHT="29" WIDTH="134" VPOS="1284" HPOS="313"/><SP WIDTH="13" VPOS="1285" HPOS="448"/><String WC="0.9377777576" CONTENT="Rinuccini" HEIGHT="31" WIDTH="198" VPOS="1282" HPOS="462"/><SP WIDTH="12" VPOS="1283" HPOS="661"/><String WC="1." CONTENT="hat" HEIGHT="28" WIDTH="56" VPOS="1283" HPOS="674"/><SP WIDTH="12" VPOS="1285" HPOS="731"/><String WC="1." CONTENT="seinen" HEIGHT="30" WIDTH="108" VPOS="1281" HPOS="744"/><SP WIDTH="13" VPOS="1291" HPOS="853"/><String WC="0.7524999976" CONTENT="1589" HEIGHT="40" WIDTH="78" VPOS="1280" HPOS="867"/><SP WIDTH="11" VPOS="1289" HPOS="946"/><String WC="0.8488888741" CONTENT="anläßlich" HEIGHT="30" WIDTH="161" VPOS="1279" HPOS="958"/><SP WIDTH="13" VPOS="1279" HPOS="1120"/><String WC="0.9633333087" CONTENT="der" HEIGHT="27" WIDTH="55" VPOS="1280" HPOS="1134"/><SP WIDTH="13" VPOS="1279" HPOS="1190"/><String WC="0.9362499714" CONTENT="Hochzeit" HEIGHT="29" WIDTH="155" VPOS="1278" HPOS="1204"/><SP WIDTH="13" VPOS="1279" HPOS="1360"/><String WC="0.8870000243" CONTENT="Ferdinands" HEIGHT="31" WIDTH="197" VPOS="1275" HPOS="1374"/><SP WIDTH="11" VPOS="1276" HPOS="1572"/><String WC="1." CONTENT="I." HEIGHT="27" WIDTH="24" VPOS="1276" HPOS="1584"/></TextLine>
<TextLine HEIGHT="48" WIDTH="1381" VPOS="1320" HPOS="231"><String WC="0.9333333373" CONTENT="Medici" HEIGHT="29" WIDTH="113" VPOS="1329" HPOS="231"/><SP WIDTH="20" VPOS="1329" HPOS="345"/><String WC="1." CONTENT="mit" HEIGHT="29" WIDTH="60" VPOS="1328" HPOS="366"/><SP WIDTH="20" VPOS="1328" HPOS="427"/><String WC="0.8700000048" CONTENT="Christine" HEIGHT="29" WIDTH="157" VPOS="1327" HPOS="448"/><SP WIDTH="20" VPOS="1336" HPOS="606"/><String WC="1." CONTENT="von" HEIGHT="19" WIDTH="63" VPOS="1336" HPOS="627"/><SP WIDTH="21" VPOS="1328" HPOS="691"/><String WC="0.7910000086" CONTENT="Lothringen" HEIGHT="39" WIDTH="195" VPOS="1325" HPOS="713"/><SP WIDTH="20" VPOS="1334" HPOS="909"/><String WC="0.9300000072" CONTENT="aufgeführten" HEIGHT="39" WIDTH="226" VPOS="1323" HPOS="930"/><SP WIDTH="21" VPOS="1324" HPOS="1157"/><String WC="0.9430000186" CONTENT="Intermedio" HEIGHT="30" WIDTH="194" VPOS="1322" HPOS="1179"/><SP WIDTH="21" VPOS="1332" HPOS="1374"/><String WC="0.8914285898" CONTENT="„Apollo" HEIGHT="36" WIDTH="135" VPOS="1322" HPOS="1396"/><SP WIDTH="19" VPOS="1330" HPOS="1532"/><String WC="1." CONTENT="e" HEIGHT="20" WIDTH="16" VPOS="1329" HPOS="1552"/><SP WIDTH="20" VPOS="1320" HPOS="1569"/><String WC="0.8500000238" CONTENT="il" HEIGHT="28" WIDTH="22" VPOS="1320" HPOS="1590"/></TextLine>
<TextLine HEIGHT="48" WIDTH="1380" VPOS="1364" HPOS="231"><String WC="0.7987499833" CONTENT="Pitone&quot;," HEIGHT="35" WIDTH="147" VPOS="1373" HPOS="231"/><SP WIDTH="10" VPOS="1373" HPOS="379"/><String WC="1." CONTENT="dessen" HEIGHT="29" WIDTH="112" VPOS="1372" HPOS="390"/><SP WIDTH="10" VPOS="1372" HPOS="503"/><String WC="0.9240000248" CONTENT="Musik" HEIGHT="29" WIDTH="106" VPOS="1371" HPOS="514"/><SP WIDTH="8" VPOS="1371" HPOS="621"/><String WC="0.8299999833" CONTENT="von" HEIGHT="19" WIDTH="63" VPOS="1380" HPOS="630"/><SP WIDTH="11" VPOS="1371" HPOS="694"/><String WC="0.9200000167" CONTENT="Luca" HEIGHT="29" WIDTH="86" VPOS="1370" HPOS="706"/><SP WIDTH="10" VPOS="1371" HPOS="793"/><String WC="0.9562500119" CONTENT="Marenzio" HEIGHT="29" WIDTH="159" VPOS="1369" HPOS="804"/><SP WIDTH="9" VPOS="1378" HPOS="964"/><String WC="0.9928571582" CONTENT="stammte" HEIGHT="27" WIDTH="151" VPOS="1369" HPOS="974"/><String STYLE="superscript" WC="1." CONTENT="*"/><SP/><String STYLE="superscript" WC="0.7799999714" CONTENT="1" HEIGHT="16" WIDTH="11" VPOS="1367" HPOS="1133"/><String WC="1." CONTENT=")," HEIGHT="37" WIDTH="21" VPOS="1367" HPOS="1146"/><SP WIDTH="17" VPOS="1368" HPOS="1168"/><String WC="1." CONTENT="in" HEIGHT="27" WIDTH="33" VPOS="1368" HPOS="1186"/><SP WIDTH="16" VPOS="1367" HPOS="1220"/><String WC="1." CONTENT="den" HEIGHT="27" WIDTH="61" VPOS="1367" HPOS="1237"/><SP WIDTH="9" VPOS="1367" HPOS="1299"/><String WC="0.9888888597" CONTENT="folgenden" HEIGHT="39" WIDTH="167" VPOS="1365" HPOS="1309"/><SP WIDTH="13" VPOS="1365" HPOS="1477"/><String WC="0.8766666651" CONTENT="Jahren" HEIGHT="37" WIDTH="120" VPOS="1364" HPOS="1491"/></TextLine>
<TextLine HEIGHT="48" WIDTH="1382" VPOS="1407" HPOS="230"><String WC="0.6600000262" CONTENT="in" HEIGHT="29" WIDTH="33" VPOS="1416" HPOS="230"/><SP WIDTH="13" VPOS="1417" HPOS="264"/><String WC="1." CONTENT="die" HEIGHT="27" WIDTH="49" VPOS="1417" HPOS="278"/><SP WIDTH="12" VPOS="1427" HPOS="328"/><String WC="0.8728571534" CONTENT="„Dafne“" HEIGHT="35" WIDTH="149" VPOS="1416" HPOS="341"/><SP WIDTH="13" VPOS="1416" HPOS="490"/><String WC="1." CONTENT="umgearbeitet," HEIGHT="39" WIDTH="245" VPOS="1414" HPOS="503"/><SP WIDTH="13" VPOS="1414" HPOS="748"/><String WC="1." CONTENT="in" HEIGHT="27" WIDTH="33" VPOS="1414" HPOS="761"/><SP WIDTH="11" VPOS="1423" HPOS="795"/><String WC="1." CONTENT="engster" HEIGHT="36" WIDTH="129" VPOS="1415" HPOS="806"/><SP WIDTH="13" VPOS="1413" HPOS="935"/><String WC="0.9319999814" CONTENT="Verbindung" HEIGHT="38" WIDTH="209" VPOS="1411" HPOS="948"/><SP WIDTH="11" VPOS="1421" HPOS="1158"/><String WC="1." CONTENT="mit" HEIGHT="28" WIDTH="60" VPOS="1411" HPOS="1169"/><SP WIDTH="15" VPOS="1411" HPOS="1229"/><String WC="0.7749999762" CONTENT="Peri" HEIGHT="28" WIDTH="72" VPOS="1410" HPOS="1244"/><SP WIDTH="11" VPOS="1410" HPOS="1316"/><String WC="0.7133333087" CONTENT="und" HEIGHT="28" WIDTH="68" VPOS="1410" HPOS="1327"/><SP WIDTH="13" VPOS="1409" HPOS="1395"/><String WC="0.9857142568" CONTENT="Caccini" HEIGHT="28" WIDTH="125" VPOS="1410" HPOS="1408"/><SP WIDTH="12" VPOS="1410" HPOS="1533"/><String WC="0.8199999928" CONTENT="und" HEIGHT="28" WIDTH="67" VPOS="1409" HPOS="1545"/></TextLine>
<TextLine HEIGHT="50" WIDTH="1380" VPOS="1450" HPOS="232"><String WC="0.8059999943" CONTENT="unter" HEIGHT="26" WIDTH="93" VPOS="1463" HPOS="232"/><SP WIDTH="18" VPOS="1461" HPOS="326"/><String WC="1." CONTENT="der" HEIGHT="27" WIDTH="55" VPOS="1461" HPOS="345"/><SP WIDTH="18" VPOS="1469" HPOS="401"/><String WC="0.8145454526" CONTENT="anfeuernden" HEIGHT="30" WIDTH="215" VPOS="1458" HPOS="420"/><SP WIDTH="19" VPOS="1459" HPOS="636"/><String WC="1." CONTENT="Führung" HEIGHT="39" WIDTH="155" VPOS="1458" HPOS="656"/><SP WIDTH="16" VPOS="1458" HPOS="812"/><String WC="0.871999979" CONTENT="ihres" HEIGHT="30" WIDTH="85" VPOS="1456" HPOS="829"/><SP WIDTH="19" VPOS="1457" HPOS="915"/><String WC="0.9766666889" CONTENT="Mäzens" HEIGHT="27" WIDTH="126" VPOS="1457" HPOS="935"/><SP WIDTH="21" VPOS="1454" HPOS="1062"/><String WC="1." CONTENT="Jacopo" HEIGHT="38" WIDTH="123" VPOS="1454" HPOS="1084"/><SP WIDTH="18" VPOS="1455" HPOS="1208"/><String WC="0.9183333516" CONTENT="Corsi;" HEIGHT="34" WIDTH="101" VPOS="1454" HPOS="1227"/><SP WIDTH="20" VPOS="1455" HPOS="1329"/><String WC="1." CONTENT="dies" HEIGHT="29" WIDTH="66" VPOS="1453" HPOS="1350"/><SP WIDTH="18" VPOS="1463" HPOS="1417"/><String WC="1." CONTENT="waren" HEIGHT="18" WIDTH="105" VPOS="1463" HPOS="1436"/><SP WIDTH="19" VPOS="1452" HPOS="1542"/><String WC="0.9166666865" CONTENT="die" HEIGHT="29" WIDTH="50" VPOS="1451" HPOS="1562"/></TextLine>
<TextLine HEIGHT="48" WIDTH="1380" VPOS="1495" HPOS="231"><String WC="0.6914285421" CONTENT="Anfänge" HEIGHT="38" WIDTH="144" VPOS="1505" HPOS="231"/><SP WIDTH="15" VPOS="1505" HPOS="376"/><String WC="1." CONTENT="der" HEIGHT="29" WIDTH="55" VPOS="1504" HPOS="392"/><SP WIDTH="15" VPOS="1504" HPOS="448"/><String WC="0.9319999814" CONTENT="Oper." HEIGHT="36" WIDTH="94" VPOS="1504" HPOS="464"/><SP WIDTH="18" VPOS="1512" HPOS="559"/><String WC="0.5500000119" CONTENT="1595" HEIGHT="31" WIDTH="78" VPOS="1509" HPOS="578"/><SP WIDTH="15" VPOS="1509" HPOS="657"/><String WC="1." CONTENT="war" HEIGHT="18" WIDTH="66" VPOS="1512" HPOS="673"/><SP WIDTH="14" VPOS="1511" HPOS="740"/><String WC="0.9024999738" CONTENT="eine" HEIGHT="29" WIDTH="67" VPOS="1501" HPOS="755"/><SP WIDTH="15" VPOS="1511" HPOS="823"/><String WC="0.9359999895" CONTENT="endgültige" HEIGHT="39" WIDTH="184" VPOS="1500" HPOS="839"/><SP WIDTH="15" VPOS="1500" HPOS="1024"/><String WC="0.8471428752" CONTENT="Fassung" HEIGHT="37" WIDTH="145" VPOS="1499" HPOS="1040"/><SP WIDTH="14" VPOS="1499" HPOS="1186"/><String WC="1." CONTENT="der" HEIGHT="28" WIDTH="54" VPOS="1498" HPOS="1201"/><SP WIDTH="15" VPOS="1507" HPOS="1256"/><String WC="0.8885714412" CONTENT="„Dafne&quot;" HEIGHT="35" WIDTH="149" VPOS="1497" HPOS="1272"/><SP WIDTH="15" VPOS="1497" HPOS="1422"/><String WC="0.896666646" CONTENT="gefunden;" HEIGHT="39" WIDTH="173" VPOS="1495" HPOS="1438"/></TextLine>
<TextLine HEIGHT="46" WIDTH="1025" VPOS="1541" HPOS="231"><String WC="0.8500000238" CONTENT="die" HEIGHT="29" WIDTH="49" VPOS="1548" HPOS="231"/><SP WIDTH="20" VPOS="1549" HPOS="281"/><String WC="0.8920000196" CONTENT="Musik" HEIGHT="28" WIDTH="104" VPOS="1548" HPOS="302"/><SP WIDTH="18" VPOS="1548" HPOS="407"/><String WC="1." CONTENT="war" HEIGHT="18" WIDTH="65" VPOS="1557" HPOS="426"/><SP WIDTH="18" VPOS="1557" HPOS="492"/><String WC="1." CONTENT="von" HEIGHT="18" WIDTH="64" VPOS="1557" HPOS="511"/><SP WIDTH="19" VPOS="1547" HPOS="576"/><String WC="0.7699999809" CONTENT="Peri" HEIGHT="29" WIDTH="70" VPOS="1546" HPOS="596"/><SP WIDTH="18" VPOS="1546" HPOS="667"/><String WC="0.8266666532" CONTENT="und" HEIGHT="28" WIDTH="67" VPOS="1546" HPOS="686"/><SP WIDTH="18" VPOS="1545" HPOS="754"/><String WC="1." CONTENT="Corsi" HEIGHT="30" WIDTH="89" VPOS="1544" HPOS="773"/><String STYLE="superscript" WC="0.5400000215" CONTENT="2" HEIGHT="17" WIDTH="12" VPOS="1545" HPOS="868"/><String WC="0.7799999714" CONTENT=")" HEIGHT="38" WIDTH="10" VPOS="1545" HPOS="883"/><SP WIDTH="20" VPOS="1544" HPOS="893"/><String WC="1." CONTENT="—" HEIGHT="4" WIDTH="43" VPOS="1560" HPOS="913"/><SP WIDTH="15" VPOS="1554" HPOS="957"/><String WC="0.9800000191" CONTENT="sie" HEIGHT="27" WIDTH="44" VPOS="1544" HPOS="973"/><SP WIDTH="19" VPOS="1543" HPOS="1018"/><String WC="1." CONTENT="ist" HEIGHT="29" WIDTH="42" VPOS="1542" HPOS="1038"/><SP WIDTH="19" VPOS="1544" HPOS="1081"/><String WC="0.9555555582" CONTENT="verloren." HEIGHT="28" WIDTH="154" VPOS="1542" HPOS="1101"/></TextLine>
</TextBlock>
<TextBlock ID="Page1_Block6" HEIGHT="963" WIDTH="1408" VPOS="1622" HPOS="224" language="de"><Shape><Polygon POINTS="235,1634 1636,1634 1636,2586 235,2586 235,1634"/></Shape>
<TextLine HEIGHT="42" WIDTH="1382" VPOS="1627" HPOS="231"><String WC="0.7842857242" CONTENT="Marinos" HEIGHT="23" WIDTH="121" VPOS="1639" HPOS="231"/><SP WIDTH="18" VPOS="1638" HPOS="353"/><String WC="0.9042857289" CONTENT="Gedicht" HEIGHT="24" WIDTH="120" VPOS="1637" HPOS="372"/><SP WIDTH="22" VPOS="1638" HPOS="493"/><String WC="0.573333323" CONTENT="auf" HEIGHT="23" WIDTH="49" VPOS="1636" HPOS="516"/><SP WIDTH="17" VPOS="1635" HPOS="566"/><String WC="0.7680000067" CONTENT="Renis" HEIGHT="22" WIDTH="84" VPOS="1636" HPOS="584"/><SP WIDTH="17" VPOS="1637" HPOS="669"/><String WC="0.6299999952" CONTENT="Daphnebild" HEIGHT="31" WIDTH="179" VPOS="1635" HPOS="687"/><SP WIDTH="22" VPOS="1636" HPOS="867"/><String WC="0.5500000119" CONTENT="vgl." HEIGHT="29" WIDTH="55" VPOS="1635" HPOS="890"/><SP WIDTH="18" VPOS="1642" HPOS="946"/><String WC="0.6200000048" CONTENT="oben" HEIGHT="21" WIDTH="72" VPOS="1635" HPOS="965"/><SP WIDTH="19" VPOS="1634" HPOS="1038"/><String WC="1." CONTENT="S." HEIGHT="24" WIDTH="25" VPOS="1632" HPOS="1058"/><SP WIDTH="12" VPOS="1640" HPOS="1084"/><String WC="0.8600000143" CONTENT="46," HEIGHT="28" WIDTH="42" VPOS="1633" HPOS="1097"/><SP WIDTH="18" VPOS="1633" HPOS="1140"/><String WC="0.8174999952" CONTENT="Anm." HEIGHT="23" WIDTH="81" VPOS="1632" HPOS="1159"/><SP WIDTH="11" VPOS="1639" HPOS="1241"/><String WC="0.75" CONTENT="4." HEIGHT="21" WIDTH="23" VPOS="1639" HPOS="1253"/><SP WIDTH="25" VPOS="1644" HPOS="1277"/><String WC="1." CONTENT="—" HEIGHT="3" WIDTH="36" VPOS="1644" HPOS="1303"/><SP WIDTH="23" VPOS="1631" HPOS="1340"/><String WC="0.6650000215" CONTENT="Ganz" HEIGHT="23" WIDTH="78" VPOS="1630" HPOS="1364"/><SP WIDTH="23" VPOS="1637" HPOS="1443"/><String WC="0.3950000107" CONTENT="witzig" HEIGHT="30" WIDTH="92" VPOS="1629" HPOS="1467"/><SP WIDTH="15" VPOS="1628" HPOS="1560"/><String WC="0.9033333063" CONTENT="ist" HEIGHT="23" WIDTH="37" VPOS="1628" HPOS="1576"/></TextLine>
<TextLine HEIGHT="42" WIDTH="1379" VPOS="1663" HPOS="230"><String WC="0.3050000072" CONTENT="in" HEIGHT="23" WIDTH="28" VPOS="1674" HPOS="230"/><SP WIDTH="17" VPOS="1674" HPOS="259"/><String WC="0.8866666555" CONTENT="der" HEIGHT="22" WIDTH="48" VPOS="1674" HPOS="277"/><SP WIDTH="15" VPOS="1673" HPOS="326"/><String WC="0.7622222304" CONTENT="Travestie" HEIGHT="24" WIDTH="144" VPOS="1672" HPOS="342"/><SP WIDTH="18" VPOS="1680" HPOS="487"/><String WC="1." CONTENT="„L’Ovide" HEIGHT="27" WIDTH="141" VPOS="1671" HPOS="506"/><SP WIDTH="16" VPOS="1679" HPOS="648"/><String WC="0.6299999952" CONTENT="en" HEIGHT="15" WIDTH="35" VPOS="1679" HPOS="665"/><SP WIDTH="16" VPOS="1672" HPOS="701"/><String WC="0.9660000205" CONTENT="belle" HEIGHT="24" WIDTH="71" VPOS="1670" HPOS="718"/><SP WIDTH="16" VPOS="1671" HPOS="790"/><String WC="0.5066666603" CONTENT="humeur" HEIGHT="23" WIDTH="117" VPOS="1670" HPOS="807"/><SP WIDTH="16" VPOS="1677" HPOS="925"/><String WC="0.6066666842" CONTENT="par" HEIGHT="23" WIDTH="51" VPOS="1677" HPOS="942"/><SP WIDTH="15" VPOS="1669" HPOS="994"/><String WC="0.7350000143" CONTENT="le" HEIGHT="23" WIDTH="26" VPOS="1669" HPOS="1010"/><SP WIDTH="16" VPOS="1676" HPOS="1037"/><String WC="0.7160000205" CONTENT="sieur" HEIGHT="24" WIDTH="73" VPOS="1668" HPOS="1054"/><SP WIDTH="16" VPOS="1668" HPOS="1128"/><String WC="0.8088889122" CONTENT="Dassoucy“" HEIGHT="31" WIDTH="162" VPOS="1666" HPOS="1145"/><SP WIDTH="21" VPOS="1666" HPOS="1308"/><String WC="0.75" CONTENT="(Lyon" HEIGHT="31" WIDTH="88" VPOS="1665" HPOS="1330"/><SP WIDTH="19" VPOS="1672" HPOS="1419"/><String WC="0.8840000033" CONTENT="1668," HEIGHT="25" WIDTH="74" VPOS="1665" HPOS="1439"/><SP WIDTH="19" VPOS="1667" HPOS="1514"/><String WC="0.5299999714" CONTENT="65ff.)" HEIGHT="30" WIDTH="75" VPOS="1664" HPOS="1534"/></TextLine>
<TextLine HEIGHT="43" WIDTH="1383" VPOS="1697" HPOS="231"><String WC="0.9499999881" CONTENT="der" HEIGHT="22" WIDTH="47" VPOS="1710" HPOS="231"/><SP WIDTH="22" VPOS="1709" HPOS="279"/><String WC="0.8362500072" CONTENT="Gedanke," HEIGHT="27" WIDTH="139" VPOS="1708" HPOS="302"/><SP WIDTH="22" VPOS="1708" HPOS="442"/><String WC="0.8266666532" CONTENT="Apollo" HEIGHT="31" WIDTH="99" VPOS="1707" HPOS="465"/><SP WIDTH="19" VPOS="1707" HPOS="565"/><String WC="0.9933333397" CONTENT="der" HEIGHT="22" WIDTH="49" VPOS="1707" HPOS="585"/><SP WIDTH="18" VPOS="1707" HPOS="635"/><String WC="0.6633333564" CONTENT="Daphne" HEIGHT="31" WIDTH="119" VPOS="1706" HPOS="654"/><SP WIDTH="19" VPOS="1714" HPOS="774"/><String WC="0.8774999976" CONTENT="eine" HEIGHT="23" WIDTH="62" VPOS="1706" HPOS="794"/><SP WIDTH="19" VPOS="1706" HPOS="857"/><String WC="0.7940000296" CONTENT="Menge" HEIGHT="30" WIDTH="98" VPOS="1705" HPOS="877"/><SP WIDTH="21" VPOS="1705" HPOS="976"/><String WC="0.7975000143" CONTENT="Gedichte" HEIGHT="25" WIDTH="135" VPOS="1702" HPOS="998"/><SP WIDTH="19" VPOS="1710" HPOS="1134"/><String WC="0.8462499976" CONTENT="zeitgenössischer" HEIGHT="33" WIDTH="242" VPOS="1699" HPOS="1154"/><SP WIDTH="21" VPOS="1700" HPOS="1397"/><String WC="0.7857142687" CONTENT="Schriftsteller" HEIGHT="25" WIDTH="195" VPOS="1697" HPOS="1419"/></TextLine>
<TextLine HEIGHT="43" WIDTH="1385" VPOS="1732" HPOS="230"><String WC="0.5299999714" CONTENT="und" HEIGHT="25" WIDTH="57" VPOS="1744" HPOS="231"/><SP WIDTH="12" VPOS="1744" HPOS="288"/><String WC="0.7363636494" CONTENT="schließlich" HEIGHT="24" WIDTH="160" VPOS="1743" HPOS="300"/><SP WIDTH="11" VPOS="1743" HPOS="460"/><String WC="0.8180000186" CONTENT="sogar" HEIGHT="22" WIDTH="80" VPOS="1750" HPOS="472"/><SP WIDTH="9" VPOS="1750" HPOS="553"/><String WC="0.7049999833" CONTENT="eigene" HEIGHT="31" WIDTH="96" VPOS="1741" HPOS="562"/><SP WIDTH="10" VPOS="1750" HPOS="659"/><String WC="0.7612500191" CONTENT="anbieten" HEIGHT="24" WIDTH="132" VPOS="1741" HPOS="669"/><SP WIDTH="10" VPOS="1749" HPOS="802"/><String WC="0.349999994" CONTENT="zu" HEIGHT="15" WIDTH="33" VPOS="1749" HPOS="813"/><SP WIDTH="12" VPOS="1741" HPOS="846"/><String WC="0.7928571701" CONTENT="lassen," HEIGHT="27" WIDTH="100" VPOS="1740" HPOS="858"/><SP WIDTH="11" VPOS="1748" HPOS="959"/><String WC="0.5450000167" CONTENT="um" HEIGHT="15" WIDTH="48" VPOS="1747" HPOS="971"/><SP WIDTH="10" VPOS="1747" HPOS="1020"/><String WC="0.8199999928" CONTENT="sie" HEIGHT="24" WIDTH="39" VPOS="1738" HPOS="1030"/><SP WIDTH="10" VPOS="1739" HPOS="1069"/><String WC="0.7925000191" CONTENT="herumzubekommen." HEIGHT="24" WIDTH="310" VPOS="1736" HPOS="1079"/><SP WIDTH="14" VPOS="1735" HPOS="1389"/><String WC="0.7266666889" CONTENT="Die" HEIGHT="22" WIDTH="53" VPOS="1735" HPOS="1403"/><SP WIDTH="10" VPOS="1735" HPOS="1456"/><String WC="0.6499999762" CONTENT="Verwand" HEIGHT="24" WIDTH="137" VPOS="1733" HPOS="1466" SUBS_TYPE="HypPart1" SUBS_CONTENT="Verwandlung"/><HYP CONTENT="­"/></TextLine>
<TextLine HEIGHT="44" WIDTH="1382" VPOS="1767" HPOS="231"><String WC="0.3975000083" CONTENT="lung" HEIGHT="31" WIDTH="67" VPOS="1780" HPOS="231" SUBS_TYPE="HypPart2" SUBS_CONTENT="Verwandlung"/><SP WIDTH="13" VPOS="1780" HPOS="299"/><String WC="0.6633333564" CONTENT="ist" HEIGHT="22" WIDTH="37" VPOS="1780" HPOS="313"/><SP WIDTH="14" VPOS="1781" HPOS="351"/><String WC="0.875" CONTENT="aber" HEIGHT="22" WIDTH="66" VPOS="1779" HPOS="366"/><SP WIDTH="13" VPOS="1785" HPOS="433"/><String WC="0.5600000024" CONTENT="auf" HEIGHT="23" WIDTH="49" VPOS="1778" HPOS="447"/><SP WIDTH="13" VPOS="1778" HPOS="497"/><String WC="0.9049999714" CONTENT="einmal" HEIGHT="23" WIDTH="102" VPOS="1777" HPOS="511"/><SP WIDTH="15" VPOS="1777" HPOS="614"/><String WC="0.4174999893" CONTENT="ganz" HEIGHT="23" WIDTH="69" VPOS="1784" HPOS="630"/><SP WIDTH="14" VPOS="1785" HPOS="700"/><String WC="0.6480000019" CONTENT="ernst" HEIGHT="21" WIDTH="77" VPOS="1779" HPOS="715"/><SP WIDTH="13" VPOS="1779" HPOS="793"/><String WC="0.6725000143" CONTENT="nach" HEIGHT="22" WIDTH="74" VPOS="1777" HPOS="807"/><SP WIDTH="15" VPOS="1777" HPOS="882"/><String WC="0.8924999833" CONTENT="Ovid" HEIGHT="24" WIDTH="73" VPOS="1775" HPOS="898"/><SP WIDTH="14" VPOS="1776" HPOS="972"/><String WC="0.7690908909" CONTENT="geschildert" HEIGHT="32" WIDTH="166" VPOS="1773" HPOS="987"/><SP WIDTH="13" VPOS="1776" HPOS="1154"/><String WC="0.5066666603" CONTENT="und" HEIGHT="22" WIDTH="58" VPOS="1774" HPOS="1168"/><SP WIDTH="15" VPOS="1773" HPOS="1227"/><String WC="0.9333333373" CONTENT="das" HEIGHT="21" WIDTH="50" VPOS="1773" HPOS="1243"/><SP WIDTH="16" VPOS="1773" HPOS="1294"/><String WC="0.6740000248" CONTENT="Ganze" HEIGHT="23" WIDTH="93" VPOS="1771" HPOS="1311"/><SP WIDTH="13" VPOS="1777" HPOS="1405"/><String WC="0.7074999809" CONTENT="viel" HEIGHT="23" WIDTH="56" VPOS="1769" HPOS="1419"/><SP WIDTH="14" VPOS="1769" HPOS="1476"/><String WC="0.6999999881" CONTENT="zu" HEIGHT="14" WIDTH="33" VPOS="1778" HPOS="1491"/><SP WIDTH="14" VPOS="1770" HPOS="1525"/><String WC="0.5600000024" CONTENT="lang." HEIGHT="31" WIDTH="73" VPOS="1768" HPOS="1540"/></TextLine>
<TextLine HEIGHT="44" WIDTH="1383" VPOS="1803" HPOS="232"><String WC="0.7977777719" CONTENT="Natürlich" HEIGHT="26" WIDTH="147" VPOS="1814" HPOS="232"/><SP WIDTH="16" VPOS="1814" HPOS="380"/><String WC="0.7350000143" CONTENT="ließ" HEIGHT="24" WIDTH="55" VPOS="1813" HPOS="397"/><SP WIDTH="19" VPOS="1813" HPOS="453"/><String WC="0.7174999714" CONTENT="sich" HEIGHT="22" WIDTH="58" VPOS="1814" HPOS="473"/><SP WIDTH="18" VPOS="1814" HPOS="532"/><String WC="0.3899999857" CONTENT="im" HEIGHT="23" WIDTH="38" VPOS="1813" HPOS="551"/><SP WIDTH="21" VPOS="1819" HPOS="590"/><String WC="0.8299999833" CONTENT="19." HEIGHT="22" WIDTH="39" VPOS="1819" HPOS="612"/><SP WIDTH="14" VPOS="1814" HPOS="652"/><String WC="0.7727272511" CONTENT="Jahrhundert" HEIGHT="31" WIDTH="192" VPOS="1812" HPOS="667"/><SP WIDTH="18" VPOS="1812" HPOS="860"/><String WC="0.7333333492" CONTENT="die" HEIGHT="23" WIDTH="44" VPOS="1811" HPOS="879"/><SP WIDTH="19" VPOS="1812" HPOS="924"/><String WC="0.700434804" CONTENT="Antiken-Götterdämmerung" HEIGHT="33" WIDTH="421" VPOS="1807" HPOS="944"/><SP WIDTH="18" VPOS="1807" HPOS="1366"/><String WC="0.9866666794" CONTENT="die" HEIGHT="24" WIDTH="44" VPOS="1805" HPOS="1385"/><SP WIDTH="20" VPOS="1805" HPOS="1430"/><String WC="0.8590000272" CONTENT="Geschichte" HEIGHT="25" WIDTH="164" VPOS="1803" HPOS="1451"/></TextLine>
<TextLine HEIGHT="31" WIDTH="247" VPOS="1850" HPOS="232"><String WC="0.6840000153" CONTENT="nicht" HEIGHT="24" WIDTH="79" VPOS="1851" HPOS="232"/><SP WIDTH="17" VPOS="1852" HPOS="312"/><String WC="0.7566666603" CONTENT="entgehen:" HEIGHT="29" WIDTH="149" VPOS="1850" HPOS="330"/></TextLine>
<TextLine HEIGHT="31" WIDTH="505" VPOS="1879" HPOS="619"><String WC="0.8023529649" CONTENT="Dichterschicksall" HEIGHT="24" WIDTH="265" VPOS="1882" HPOS="619"/><SP WIDTH="13" VPOS="1882" HPOS="885"/><String WC="0.7080000043" CONTENT="böser" HEIGHT="23" WIDTH="80" VPOS="1882" HPOS="899"/><SP WIDTH="11" VPOS="1881" HPOS="980"/><String WC="0.8537499905" CONTENT="Unstern," HEIGHT="29" WIDTH="132" VPOS="1879" HPOS="992"/></TextLine>
<TextLine HEIGHT="32" WIDTH="396" VPOS="1917" HPOS="620"><String WC="0.5799999833" CONTENT="Der" HEIGHT="22" WIDTH="56" VPOS="1920" HPOS="620"/><SP WIDTH="11" VPOS="1920" HPOS="677"/><String WC="0.8733333349" CONTENT="die" HEIGHT="22" WIDTH="44" VPOS="1919" HPOS="689"/><SP WIDTH="14" VPOS="1919" HPOS="734"/><String WC="0.8500000238" CONTENT="Söhne" HEIGHT="23" WIDTH="92" VPOS="1918" HPOS="749"/><SP WIDTH="10" VPOS="1918" HPOS="842"/><String WC="0.9033333063" CONTENT="des" HEIGHT="22" WIDTH="48" VPOS="1918" HPOS="854"/><SP WIDTH="11" VPOS="1918" HPOS="903"/><String WC="0.7866666913" CONTENT="Apollo" HEIGHT="30" WIDTH="101" VPOS="1917" HPOS="915"/></TextLine>
<TextLine HEIGHT="32" WIDTH="411" VPOS="1952" HPOS="619"><String WC="0.7514285445" CONTENT="Tödlich" HEIGHT="22" WIDTH="117" VPOS="1955" HPOS="619"/><SP WIDTH="11" VPOS="1954" HPOS="737"/><String WC="0.7724999785" CONTENT="nergelt," HEIGHT="30" WIDTH="115" VPOS="1953" HPOS="749"/><SP WIDTH="13" VPOS="1961" HPOS="865"/><String WC="0.573333323" CONTENT="und" HEIGHT="24" WIDTH="58" VPOS="1952" HPOS="879"/><SP WIDTH="11" VPOS="1952" HPOS="938"/><String WC="0.8220000267" CONTENT="sogar" HEIGHT="22" WIDTH="80" VPOS="1959" HPOS="950"/></TextLine>
<TextLine HEIGHT="30" WIDTH="507" VPOS="1986" HPOS="620"><String WC="0.4860000014" CONTENT="Ihren" HEIGHT="22" WIDTH="84" VPOS="1991" HPOS="620"/><SP WIDTH="10" VPOS="1990" HPOS="705"/><String WC="0.8379999995" CONTENT="Vater" HEIGHT="24" WIDTH="86" VPOS="1989" HPOS="716"/><SP WIDTH="11" VPOS="1996" HPOS="803"/><String WC="0.8799999952" CONTENT="nicht" HEIGHT="22" WIDTH="79" VPOS="1989" HPOS="815"/><SP WIDTH="11" VPOS="1989" HPOS="895"/><String WC="0.8077777624" CONTENT="verschont" HEIGHT="23" WIDTH="149" VPOS="1987" HPOS="907"/><SP WIDTH="11" VPOS="1987" HPOS="1057"/><String WC="0.8600000143" CONTENT="hat," HEIGHT="26" WIDTH="58" VPOS="1986" HPOS="1069"/></TextLine>
<TextLine HEIGHT="34" WIDTH="474" VPOS="2021" HPOS="620"><String WC="0.9433333278" CONTENT="Als" HEIGHT="22" WIDTH="49" VPOS="2026" HPOS="620"/><SP WIDTH="10" VPOS="2033" HPOS="670"/><String WC="0.7649999857" CONTENT="er" HEIGHT="15" WIDTH="29" VPOS="2033" HPOS="681"/><SP WIDTH="10" VPOS="2026" HPOS="711"/><String WC="0.8566666842" CONTENT="hinter" HEIGHT="23" WIDTH="93" VPOS="2025" HPOS="722"/><SP WIDTH="11" VPOS="2025" HPOS="816"/><String WC="0.7857142687" CONTENT="Daphnen" HEIGHT="30" WIDTH="140" VPOS="2024" HPOS="828"/><SP WIDTH="10" VPOS="2023" HPOS="969"/><String WC="0.6814285517" CONTENT="laufend" HEIGHT="25" WIDTH="114" VPOS="2021" HPOS="980"/></TextLine>
<TextLine HEIGHT="35" WIDTH="509" VPOS="2056" HPOS="623"><String WC="0.8080000281" CONTENT="Statt" HEIGHT="22" WIDTH="79" VPOS="2062" HPOS="623"/><SP WIDTH="11" VPOS="2061" HPOS="702"/><String WC="1." CONTENT="des" HEIGHT="23" WIDTH="49" VPOS="2060" HPOS="713"/><SP WIDTH="12" VPOS="2067" HPOS="762"/><String WC="0.8683333397" CONTENT="weißen" HEIGHT="22" WIDTH="108" VPOS="2060" HPOS="774"/><SP WIDTH="12" VPOS="2060" HPOS="882"/><String WC="0.8253846169" CONTENT="Nymphenleibes" HEIGHT="34" WIDTH="238" VPOS="2056" HPOS="894"/></TextLine>
<TextLine HEIGHT="31" WIDTH="476" VPOS="2091" HPOS="622"><String WC="0.3199999928" CONTENT="Nur" HEIGHT="22" WIDTH="60" VPOS="2097" HPOS="622"/><SP WIDTH="11" VPOS="2097" HPOS="683"/><String WC="1." CONTENT="den" HEIGHT="23" WIDTH="54" VPOS="2096" HPOS="695"/><SP WIDTH="11" VPOS="2096" HPOS="750"/><String WC="0.8345454335" CONTENT="Lorbeerbaum" HEIGHT="24" WIDTH="208" VPOS="2094" HPOS="762"/><SP WIDTH="10" VPOS="2101" HPOS="971"/><String WC="0.7900000215" CONTENT="erfaßte," HEIGHT="29" WIDTH="116" VPOS="2091" HPOS="982"/></TextLine>
<TextLine HEIGHT="41" WIDTH="940" VPOS="2120" HPOS="622"><String WC="1." CONTENT="Er," HEIGHT="26" WIDTH="45" VPOS="2132" HPOS="622"/><SP WIDTH="13" VPOS="2132" HPOS="668"/><String WC="0.9533333182" CONTENT="der" HEIGHT="22" WIDTH="48" VPOS="2132" HPOS="682"/><SP WIDTH="10" VPOS="2139" HPOS="731"/><String WC="0.8577777743" CONTENT="göttliche" HEIGHT="29" WIDTH="135" VPOS="2131" HPOS="742"/><SP WIDTH="13" VPOS="2131" HPOS="878"/><String WC="0.8781818151" CONTENT="Schlemihl!“" HEIGHT="26" WIDTH="181" VPOS="2127" HPOS="892"/><SP WIDTH="15" VPOS="2127" HPOS="1074"/><String WC="0.687142849" CONTENT="(Heine," HEIGHT="30" WIDTH="108" VPOS="2126" HPOS="1090"/><SP WIDTH="16" VPOS="2127" HPOS="1199"/><String WC="0.8333333135" CONTENT="Jehuda" HEIGHT="31" WIDTH="110" VPOS="2125" HPOS="1216"/><SP WIDTH="10" VPOS="2125" HPOS="1327"/><String WC="0.7233333588" CONTENT="ben" HEIGHT="22" WIDTH="54" VPOS="2124" HPOS="1338"/><SP WIDTH="11" VPOS="2123" HPOS="1393"/><String WC="0.8433333039" CONTENT="Halevy" HEIGHT="31" WIDTH="111" VPOS="2121" HPOS="1405"/><SP WIDTH="9" VPOS="2129" HPOS="1517"/><String WC="1." CONTENT="4)." HEIGHT="31" WIDTH="35" VPOS="2120" HPOS="1527"/></TextLine>
<TextLine HEIGHT="44" WIDTH="1299" VPOS="2181" HPOS="320"><String WC="0.7099999785" CONTENT="1)" HEIGHT="30" WIDTH="22" VPOS="2194" HPOS="320"/><SP WIDTH="13" VPOS="2194" HPOS="343"/><String WC="0.9725000262" CONTENT="Vgl." HEIGHT="31" WIDTH="60" VPOS="2193" HPOS="357"/><SP WIDTH="15" VPOS="2195" HPOS="418"/><String WC="0.7099999785" CONTENT="dazu" HEIGHT="21" WIDTH="71" VPOS="2195" HPOS="434"/><SP WIDTH="18" VPOS="2201" HPOS="506"/><String WC="0.7699999809" CONTENT="vor" HEIGHT="15" WIDTH="51" VPOS="2201" HPOS="525"/><SP WIDTH="18" VPOS="2200" HPOS="577"/><String WC="0.6200000048" CONTENT="allem" HEIGHT="22" WIDTH="82" VPOS="2194" HPOS="596"/><SP WIDTH="14" VPOS="2194" HPOS="679"/><String WC="0.7900000215" CONTENT="A." HEIGHT="22" WIDTH="31" VPOS="2194" HPOS="694"/><SP WIDTH="10" VPOS="2194" HPOS="726"/><String WC="0.7537500262" CONTENT="Warburg," HEIGHT="30" WIDTH="146" VPOS="2193" HPOS="737"/><SP WIDTH="21" VPOS="2192" HPOS="884"/><String WC="0.5099999905" CONTENT="I" HEIGHT="22" WIDTH="12" VPOS="2192" HPOS="906"/><SP WIDTH="20" VPOS="2192" HPOS="919"/><String WC="0.9142857194" CONTENT="costumi" HEIGHT="23" WIDTH="119" VPOS="2190" HPOS="940"/><SP WIDTH="12" VPOS="2189" HPOS="1060"/><String WC="0.8500000238" CONTENT="teatrali" HEIGHT="24" WIDTH="113" VPOS="2188" HPOS="1073"/><SP WIDTH="13" VPOS="2188" HPOS="1187"/><String WC="0.8333333135" CONTENT="per" HEIGHT="24" WIDTH="48" VPOS="2194" HPOS="1201"/><SP WIDTH="13" VPOS="2194" HPOS="1250"/><String WC="0.8999999762" CONTENT="gli" HEIGHT="29" WIDTH="37" VPOS="2187" HPOS="1264"/><SP WIDTH="13" VPOS="2187" HPOS="1302"/><String WC="0.7609999776" CONTENT="intermezzi" HEIGHT="25" WIDTH="159" VPOS="2184" HPOS="1316"/><SP WIDTH="14" VPOS="2184" HPOS="1476"/><String WC="0.7866666913" CONTENT="del" HEIGHT="23" WIDTH="44" VPOS="2184" HPOS="1491"/><SP WIDTH="16" VPOS="2184" HPOS="1536"/><String WC="0.4474999905" CONTENT="1589" HEIGHT="30" WIDTH="66" VPOS="2182" HPOS="1553"/></TextLine>
<TextLine HEIGHT="44" WIDTH="1380" VPOS="2217" HPOS="240"><String WC="0.6949999928" CONTENT="(in:" HEIGHT="30" WIDTH="51" VPOS="2231" HPOS="240"/><SP WIDTH="19" VPOS="2230" HPOS="291"/><String WC="0.7435714006" CONTENT="Commemorazione" HEIGHT="25" WIDTH="270" VPOS="2228" HPOS="310"/><SP WIDTH="17" VPOS="2229" HPOS="580"/><String WC="0.8740000129" CONTENT="della" HEIGHT="22" WIDTH="73" VPOS="2229" HPOS="597"/><SP WIDTH="15" VPOS="2236" HPOS="671"/><String WC="0.8199999928" CONTENT="riforma" HEIGHT="23" WIDTH="116" VPOS="2228" HPOS="686"/><SP WIDTH="15" VPOS="2236" HPOS="803"/><String WC="0.9060000181" CONTENT="melodrammatica," HEIGHT="29" WIDTH="268" VPOS="2224" HPOS="818"/><SP WIDTH="19" VPOS="2225" HPOS="1086"/><String WC="0.9424999952" CONTENT="Atti" HEIGHT="23" WIDTH="63" VPOS="2224" HPOS="1105"/><SP WIDTH="17" VPOS="2224" HPOS="1168"/><String WC="0.7699999809" CONTENT="del" HEIGHT="22" WIDTH="45" VPOS="2224" HPOS="1185"/><SP WIDTH="18" VPOS="2223" HPOS="1230"/><String WC="0.8349999785" CONTENT="R." HEIGHT="22" WIDTH="34" VPOS="2223" HPOS="1248"/><SP WIDTH="19" VPOS="2223" HPOS="1282"/><String WC="0.7149999738" CONTENT="Ist." HEIGHT="23" WIDTH="51" VPOS="2222" HPOS="1301"/><SP WIDTH="19" VPOS="2222" HPOS="1352"/><String WC="0.6725000143" CONTENT="Mus." HEIGHT="23" WIDTH="70" VPOS="2221" HPOS="1371"/><SP WIDTH="19" VPOS="2220" HPOS="1441"/><String WC="1." CONTENT="di" HEIGHT="23" WIDTH="29" VPOS="2219" HPOS="1460"/><SP WIDTH="17" VPOS="2219" HPOS="1489"/><String WC="0.8014285564" CONTENT="Firenze" HEIGHT="25" WIDTH="114" VPOS="2217" HPOS="1506"/></TextLine>
<TextLine HEIGHT="47" WIDTH="1382" VPOS="2251" HPOS="239"><String WC="0.9112499952" CONTENT="XXXIII)," HEIGHT="32" WIDTH="155" VPOS="2265" HPOS="239"/><SP WIDTH="18" VPOS="2272" HPOS="395"/><String WC="0.5699999928" CONTENT="1895." HEIGHT="29" WIDTH="75" VPOS="2264" HPOS="414"/><SP WIDTH="16" VPOS="2278" HPOS="490"/><String WC="1." CONTENT="—" HEIGHT="3" WIDTH="35" VPOS="2278" HPOS="507"/><SP WIDTH="15" VPOS="2278" HPOS="543"/><String WC="0.6800000072" CONTENT="„Die" HEIGHT="26" WIDTH="70" VPOS="2264" HPOS="559"/><SP WIDTH="15" VPOS="2272" HPOS="630"/><String WC="0.8183333278" CONTENT="musikalisch-dramatischen" HEIGHT="26" WIDTH="398" VPOS="2261" HPOS="646"/><SP WIDTH="15" VPOS="2261" HPOS="1045"/><String WC="0.7561538219" CONTENT="Bearbeitungen" HEIGHT="32" WIDTH="224" VPOS="2258" HPOS="1061"/><SP WIDTH="15" VPOS="2258" HPOS="1286"/><String WC="1." CONTENT="des" HEIGHT="22" WIDTH="47" VPOS="2258" HPOS="1302"/><SP WIDTH="16" VPOS="2264" HPOS="1350"/><String WC="0.6443750262" CONTENT=".Daphne&apos;-Stoffes" HEIGHT="36" WIDTH="254" VPOS="2251" HPOS="1367"/></TextLine>
<TextLine HEIGHT="47" WIDTH="1382" VPOS="2286" HPOS="237"><String WC="0.7099999785" CONTENT="im" HEIGHT="23" WIDTH="39" VPOS="2302" HPOS="237"/><SP WIDTH="12" VPOS="2302" HPOS="277"/><String WC="0.8199999928" CONTENT="Zeitalter" HEIGHT="25" WIDTH="131" VPOS="2299" HPOS="290"/><SP WIDTH="12" VPOS="2300" HPOS="422"/><String WC="0.7699999809" CONTENT="des" HEIGHT="22" WIDTH="48" VPOS="2300" HPOS="435"/><SP WIDTH="11" VPOS="2300" HPOS="484"/><String WC="0.7557142973" CONTENT="Barock&quot;" HEIGHT="23" WIDTH="125" VPOS="2299" HPOS="496"/><SP WIDTH="13" VPOS="2299" HPOS="622"/><String WC="0.7544444203" CONTENT="behandelt" HEIGHT="23" WIDTH="152" VPOS="2299" HPOS="636"/><SP WIDTH="11" VPOS="2299" HPOS="789"/><String WC="0.7979999781" CONTENT="Bruno" HEIGHT="22" WIDTH="96" VPOS="2299" HPOS="801"/><SP WIDTH="12" VPOS="2298" HPOS="898"/><String WC="0.7685714364" CONTENT="Reisner" HEIGHT="24" WIDTH="115" VPOS="2296" HPOS="911"/><SP WIDTH="11" VPOS="2296" HPOS="1027"/><String WC="0.8600000143" CONTENT="in" HEIGHT="22" WIDTH="29" VPOS="2296" HPOS="1039"/><SP WIDTH="11" VPOS="2303" HPOS="1069"/><String WC="0.6999999881" CONTENT="einer" HEIGHT="23" WIDTH="75" VPOS="2295" HPOS="1081"/><SP WIDTH="13" VPOS="2295" HPOS="1157"/><String WC="0.8916666508" CONTENT="Königsberger" HEIGHT="31" WIDTH="203" VPOS="2293" HPOS="1171"/><SP WIDTH="11" VPOS="2293" HPOS="1375"/><String WC="0.6740000248" CONTENT="Diss." HEIGHT="23" WIDTH="72" VPOS="2291" HPOS="1387"/><SP WIDTH="13" VPOS="2298" HPOS="1460"/><String WC="0.8066666722" CONTENT="von" HEIGHT="16" WIDTH="55" VPOS="2296" HPOS="1474"/><SP WIDTH="14" VPOS="2296" HPOS="1530"/><String WC="0.6679999828" CONTENT="1929," HEIGHT="23" WIDTH="74" VPOS="2294" HPOS="1545"/></TextLine>
<TextLine HEIGHT="47" WIDTH="1384" VPOS="2321" HPOS="238"><String WC="0.926666677" CONTENT="die" HEIGHT="23" WIDTH="44" VPOS="2338" HPOS="238"/><SP WIDTH="17" VPOS="2344" HPOS="283"/><String WC="0.7200000286" CONTENT="mir" HEIGHT="23" WIDTH="53" VPOS="2336" HPOS="301"/><SP WIDTH="18" VPOS="2336" HPOS="355"/><String WC="0.8000000119" CONTENT="Prof." HEIGHT="24" WIDTH="72" VPOS="2334" HPOS="374"/><SP WIDTH="19" VPOS="2335" HPOS="447"/><String WC="0.8285714388" CONTENT="Müller-Blattau" HEIGHT="24" WIDTH="225" VPOS="2334" HPOS="467"/><SP WIDTH="27" VPOS="2342" HPOS="693"/><String WC="0.6424999833" CONTENT="noch" HEIGHT="22" WIDTH="72" VPOS="2335" HPOS="721"/><SP WIDTH="26" VPOS="2335" HPOS="794"/><String WC="0.7549999952" CONTENT="kurz" HEIGHT="21" WIDTH="68" VPOS="2335" HPOS="821"/><SP WIDTH="17" VPOS="2340" HPOS="890"/><String WC="0.8600000143" CONTENT="vor" HEIGHT="15" WIDTH="50" VPOS="2340" HPOS="908"/><SP WIDTH="17" VPOS="2333" HPOS="959"/><String WC="0.8899999857" CONTENT="der" HEIGHT="23" WIDTH="49" VPOS="2332" HPOS="977"/><SP WIDTH="17" VPOS="2332" HPOS="1027"/><String WC="0.5072727203" CONTENT="Drucklegung" HEIGHT="32" WIDTH="196" VPOS="2329" HPOS="1045"/><SP WIDTH="17" VPOS="2336" HPOS="1242"/><String WC="0.7009999752" CONTENT="zugänglich" HEIGHT="33" WIDTH="163" VPOS="2325" HPOS="1260"/><SP WIDTH="17" VPOS="2326" HPOS="1424"/><String WC="0.7566666603" CONTENT="macht." HEIGHT="23" WIDTH="103" VPOS="2325" HPOS="1442"/><SP WIDTH="19" VPOS="2323" HPOS="1546"/><String WC="0.7566666603" CONTENT="Der" HEIGHT="23" WIDTH="56" VPOS="2322" HPOS="1566"/></TextLine>
<TextLine HEIGHT="47" WIDTH="1384" VPOS="2357" HPOS="238"><String WC="0.7979999781" CONTENT="Intermedio" HEIGHT="25" WIDTH="171" VPOS="2371" HPOS="238"/><SP WIDTH="13" VPOS="2377" HPOS="410"/><String WC="0.7099999785" CONTENT="von" HEIGHT="15" WIDTH="57" VPOS="2377" HPOS="424"/><SP WIDTH="15" VPOS="2377" HPOS="482"/><String WC="0.5425000191" CONTENT="1589" HEIGHT="29" WIDTH="68" VPOS="2370" HPOS="498"/><SP WIDTH="13" VPOS="2376" HPOS="567"/><String WC="0.6066666842" CONTENT="und" HEIGHT="22" WIDTH="57" VPOS="2370" HPOS="581"/><SP WIDTH="14" VPOS="2370" HPOS="639"/><String WC="1." CONTENT="die" HEIGHT="22" WIDTH="44" VPOS="2370" HPOS="654"/><SP WIDTH="14" VPOS="2370" HPOS="699"/><String WC="0.69599998" CONTENT="Opern" HEIGHT="31" WIDTH="93" VPOS="2369" HPOS="714"/><SP WIDTH="12" VPOS="2377" HPOS="808"/><String WC="0.5933333039" CONTENT="von" HEIGHT="15" WIDTH="58" VPOS="2377" HPOS="821"/><SP WIDTH="16" VPOS="2369" HPOS="880"/><String WC="0.7966666818" CONTENT="Gagliano," HEIGHT="31" WIDTH="143" VPOS="2367" HPOS="897"/><SP WIDTH="18" VPOS="2367" HPOS="1041"/><String WC="0.7666666508" CONTENT="Schütz" HEIGHT="25" WIDTH="103" VPOS="2365" HPOS="1060"/><SP WIDTH="14" VPOS="2373" HPOS="1164"/><String WC="0.6366666555" CONTENT="und" HEIGHT="23" WIDTH="57" VPOS="2365" HPOS="1179"/><SP WIDTH="15" VPOS="2365" HPOS="1237"/><String WC="0.7225000262" CONTENT="Bontempi" HEIGHT="33" WIDTH="149" VPOS="2361" HPOS="1253"/><SP WIDTH="13" VPOS="2361" HPOS="1403"/><String WC="0.8266666532" CONTENT="werden" HEIGHT="23" WIDTH="109" VPOS="2360" HPOS="1417"/><SP WIDTH="14" VPOS="2359" HPOS="1527"/><String WC="0.8159999847" CONTENT="darin" HEIGHT="25" WIDTH="80" VPOS="2357" HPOS="1542"/></TextLine>
<TextLine HEIGHT="43" WIDTH="1141" VPOS="2396" HPOS="239"><String WC="0.6100000143" CONTENT="auf" HEIGHT="23" WIDTH="49" VPOS="2408" HPOS="239"/><SP WIDTH="13" VPOS="2408" HPOS="289"/><String WC="0.7599999905" CONTENT="ihre" HEIGHT="23" WIDTH="60" VPOS="2407" HPOS="303"/><SP WIDTH="15" VPOS="2406" HPOS="364"/><String WC="0.8783333302" CONTENT="Text-," HEIGHT="27" WIDTH="92" VPOS="2405" HPOS="380"/><SP WIDTH="17" VPOS="2405" HPOS="473"/><String WC="0.8799999952" CONTENT="Musik-" HEIGHT="24" WIDTH="103" VPOS="2404" HPOS="491"/><SP WIDTH="15" VPOS="2413" HPOS="595"/><String WC="0.6733333468" CONTENT="und" HEIGHT="22" WIDTH="57" VPOS="2405" HPOS="611"/><SP WIDTH="18" VPOS="2405" HPOS="669"/><String WC="0.7900000215" CONTENT="Szenengestaltung" HEIGHT="32" WIDTH="267" VPOS="2403" HPOS="688"/><SP WIDTH="14" VPOS="2404" HPOS="956"/><String WC="0.7433333397" CONTENT="hin" HEIGHT="23" WIDTH="50" VPOS="2402" HPOS="971"/><SP WIDTH="14" VPOS="2410" HPOS="1022"/><String WC="0.8111110926" CONTENT="eingehend" HEIGHT="32" WIDTH="154" VPOS="2400" HPOS="1037"/><SP WIDTH="16" VPOS="2401" HPOS="1192"/><String WC="0.7790908813" CONTENT="untersucht." HEIGHT="25" WIDTH="172" VPOS="2398" HPOS="1208"/></TextLine>
<TextLine HEIGHT="45" WIDTH="1301" VPOS="2426" HPOS="320"><String WC="0.7149999738" CONTENT="2)" HEIGHT="29" WIDTH="24" VPOS="2442" HPOS="320"/><SP WIDTH="19" VPOS="2442" HPOS="345"/><String WC="0.9983333349" CONTENT="Angelo" HEIGHT="31" WIDTH="106" VPOS="2440" HPOS="365"/><SP WIDTH="17" VPOS="2441" HPOS="472"/><String WC="0.8725000024" CONTENT="Solerti," HEIGHT="28" WIDTH="106" VPOS="2439" HPOS="490"/><SP WIDTH="16" VPOS="2440" HPOS="597"/><String WC="0.7114285827" CONTENT="Musica," HEIGHT="27" WIDTH="114" VPOS="2440" HPOS="614"/><SP WIDTH="17" VPOS="2440" HPOS="729"/><String WC="0.8579999804" CONTENT="Ballo" HEIGHT="22" WIDTH="80" VPOS="2440" HPOS="747"/><SP WIDTH="9" VPOS="2447" HPOS="828"/><String WC="1." CONTENT="e" HEIGHT="14" WIDTH="15" VPOS="2448" HPOS="838"/><SP WIDTH="12" VPOS="2440" HPOS="854"/><String WC="0.9110000134" CONTENT="Drammatica" HEIGHT="25" WIDTH="192" VPOS="2437" HPOS="867"/><SP WIDTH="10" VPOS="2443" HPOS="1060"/><String WC="0.7049999833" CONTENT="alla" HEIGHT="24" WIDTH="54" VPOS="2435" HPOS="1071"/><SP WIDTH="10" VPOS="2436" HPOS="1126"/><String WC="0.9100000262" CONTENT="Corte" HEIGHT="22" WIDTH="81" VPOS="2436" HPOS="1137"/><SP WIDTH="10" VPOS="2436" HPOS="1219"/><String WC="0.7857142687" CONTENT="Medicea" HEIGHT="25" WIDTH="124" VPOS="2433" HPOS="1230"/><SP WIDTH="10" VPOS="2433" HPOS="1355"/><String WC="0.8166666627" CONTENT="dal" HEIGHT="24" WIDTH="46" VPOS="2431" HPOS="1366"/><SP WIDTH="13" VPOS="2431" HPOS="1413"/><String WC="1." CONTENT="1600" HEIGHT="22" WIDTH="66" VPOS="2431" HPOS="1427"/><SP WIDTH="10" VPOS="2437" HPOS="1494"/><String WC="0.6299999952" CONTENT="al" HEIGHT="23" WIDTH="27" VPOS="2429" HPOS="1505"/><SP WIDTH="12" VPOS="2428" HPOS="1533"/><String WC="0.7519999743" CONTENT="1637," HEIGHT="30" WIDTH="75" VPOS="2427" HPOS="1546"/></TextLine>
<TextLine HEIGHT="48" WIDTH="1382" VPOS="2462" HPOS="240"><String WC="0.7300000191" CONTENT="Firenze" HEIGHT="25" WIDTH="114" VPOS="2477" HPOS="240"/><SP WIDTH="15" VPOS="2484" HPOS="355"/><String WC="0.7340000272" CONTENT="1905," HEIGHT="23" WIDTH="75" VPOS="2483" HPOS="371"/><SP WIDTH="17" VPOS="2482" HPOS="447"/><String WC="0.5950000286" CONTENT="19" HEIGHT="21" WIDTH="32" VPOS="2482" HPOS="465"/><SP WIDTH="13" VPOS="2483" HPOS="498"/><String WC="0.6949999928" CONTENT="u." HEIGHT="15" WIDTH="26" VPOS="2483" HPOS="512"/><SP WIDTH="14" VPOS="2483" HPOS="539"/><String WC="0.7671428323" CONTENT="passim;" HEIGHT="30" WIDTH="115" VPOS="2475" HPOS="554"/><SP WIDTH="17" VPOS="2475" HPOS="670"/><String WC="0.7524999976" CONTENT="Sonneck," HEIGHT="28" WIDTH="135" VPOS="2474" HPOS="688"/><SP WIDTH="14" VPOS="2475" HPOS="824"/><String WC="0.8600000143" CONTENT="Catalogue" HEIGHT="30" WIDTH="153" VPOS="2474" HPOS="839"/><SP WIDTH="12" VPOS="2481" HPOS="993"/><String WC="0.7200000286" CONTENT="of" HEIGHT="23" WIDTH="29" VPOS="2472" HPOS="1006"/><SP WIDTH="13" VPOS="2472" HPOS="1036"/><String WC="0.7319999933" CONTENT="Opera" HEIGHT="32" WIDTH="91" VPOS="2471" HPOS="1050"/><SP WIDTH="13" VPOS="2471" HPOS="1142"/><String WC="0.75222224" CONTENT="Librettos" HEIGHT="24" WIDTH="141" VPOS="2469" HPOS="1156"/><SP WIDTH="12" VPOS="2476" HPOS="1298"/><String WC="0.7885714173" CONTENT="printed" HEIGHT="33" WIDTH="110" VPOS="2466" HPOS="1311"/><SP WIDTH="13" VPOS="2467" HPOS="1422"/><String WC="0.8366666436" CONTENT="before" HEIGHT="24" WIDTH="93" VPOS="2465" HPOS="1436"/><SP WIDTH="15" VPOS="2471" HPOS="1530"/><String WC="0.6980000138" CONTENT="1800," HEIGHT="28" WIDTH="76" VPOS="2462" HPOS="1546"/></TextLine>
<TextLine HEIGHT="48" WIDTH="1384" VPOS="2496" HPOS="241"><String WC="0.6259999871" CONTENT="T914," HEIGHT="24" WIDTH="76" VPOS="2520" HPOS="241"/><SP WIDTH="15" VPOS="2519" HPOS="318"/><String WC="0.6200000048" CONTENT="339ff." HEIGHT="32" WIDTH="87" VPOS="2510" HPOS="334"/><SP WIDTH="13" VPOS="2511" HPOS="422"/><String WC="0.7239999771" CONTENT="Rinuccinis" HEIGHT="24" WIDTH="160" VPOS="2509" HPOS="436"/><SP WIDTH="11" VPOS="2510" HPOS="597"/><String WC="0.9825000167" CONTENT="Text" HEIGHT="22" WIDTH="72" VPOS="2510" HPOS="609"/><SP WIDTH="12" VPOS="2511" HPOS="682"/><String WC="0.8399999738" CONTENT="neu" HEIGHT="15" WIDTH="53" VPOS="2517" HPOS="695"/><SP WIDTH="13" VPOS="2510" HPOS="749"/><String WC="0.8538461328" CONTENT="herausgegeben" HEIGHT="30" WIDTH="222" VPOS="2509" HPOS="763"/><SP WIDTH="12" VPOS="2516" HPOS="986"/><String WC="0.7033333182" CONTENT="von" HEIGHT="16" WIDTH="56" VPOS="2515" HPOS="999"/><SP WIDTH="15" VPOS="2507" HPOS="1056"/><String WC="0.8671428561" CONTENT="Gaetano" HEIGHT="23" WIDTH="126" VPOS="2506" HPOS="1072"/><SP WIDTH="13" VPOS="2506" HPOS="1199"/><String WC="0.7677778006" CONTENT="Poggiali," HEIGHT="32" WIDTH="130" VPOS="2503" HPOS="1213"/><SP WIDTH="16" VPOS="2503" HPOS="1344"/><String WC="0.6800000072" CONTENT="Drammi" HEIGHT="25" WIDTH="125" VPOS="2500" HPOS="1361"/><SP WIDTH="12" VPOS="2500" HPOS="1487"/><String WC="0.7574999928" CONTENT="musicali" HEIGHT="26" WIDTH="125" VPOS="2496" HPOS="1500"/></TextLine>
<TextLine HEIGHT="41" WIDTH="1089" VPOS="2538" HPOS="239"><String WC="0.8949999809" CONTENT="di" HEIGHT="24" WIDTH="29" VPOS="2549" HPOS="239"/><SP WIDTH="18" VPOS="2550" HPOS="268"/><String WC="0.8728571534" CONTENT="Ottavio" HEIGHT="25" WIDTH="120" VPOS="2547" HPOS="286"/><SP WIDTH="18" VPOS="2546" HPOS="406"/><String WC="0.6560000181" CONTENT="Rinuccini," HEIGHT="27" WIDTH="156" VPOS="2545" HPOS="424"/><SP WIDTH="19" VPOS="2545" HPOS="580"/><String WC="0.7214285731" CONTENT="Livorno" HEIGHT="22" WIDTH="121" VPOS="2545" HPOS="599"/><SP WIDTH="20" VPOS="2552" HPOS="720"/><String WC="0.8125" CONTENT="1802" HEIGHT="23" WIDTH="66" VPOS="2545" HPOS="740"/><SP WIDTH="22" VPOS="2545" HPOS="806"/><String WC="0.7200000286" CONTENT="(Nozze" HEIGHT="30" WIDTH="103" VPOS="2544" HPOS="828"/><SP WIDTH="17" VPOS="2544" HPOS="931"/><String WC="0.7657142878" CONTENT="Martellini-Poggiali)," HEIGHT="35" WIDTH="309" VPOS="2538" HPOS="948"/><SP WIDTH="22" VPOS="2546" HPOS="1257"/><String WC="0.7149999738" CONTENT="iff." HEIGHT="22" WIDTH="48" VPOS="2539" HPOS="1279"/></TextLine>
</TextBlock></ComposedBlock><GraphicalElement ID="Page1_Block7" HEIGHT="8" WIDTH="1368" VPOS="393" HPOS="226"/><GraphicalElement ID="Page1_Block8" HEIGHT="4" WIDTH="209" VPOS="1606" HPOS="236"/>
<Illustration ID="Page1_Block9" HEIGHT="89" WIDTH="299" VPOS="236" HPOS="2161"><Shape><Polygon POINTS="2180,266 2478,266 2478,347 2180,347 2180,266"/></Shape></Illustration>
</PrintSpace>
</Page>
</Layout>
</alto>