2409 3159
869 730 34 35 5.
926 720 761 37 POUSSIN-MARATTA-BELLORI:
1711 720 466 37 KLASSIZISTISCHE

1341 781 365 38 KOMPOSITION

914 868 67 28 Wir
1001 868 104 28 haben
1126 869 68 28 eine
1215 869 185 28 bestimmte
1422 869 127 36 Lösung
1570 868 55 28 des
1646 868 398 39 Darstellungsproblems:
2067 870 51 28 die
2140 873 58 36 prä­

834 912 123 36 ziseste,
975 911 276 36 „momentanste“
1269 912 52 29 für
1337 913 67 28 sich
1421 911 136 37 verfolgt
1575 912 66 27 und
1658 911 71 31 sind
1746 914 101 27 damit
1864 913 125 29 zeitlich
2007 914 72 28 weit
2096 923 101 21 voran­

834 955 104 39 geeilt.
963 956 43 27 Es
1027 955 58 38 gilt
1107 955 81 38 jetzt
1209 955 230 35 festzustellen,
1461 955 116 28 welche
1600 955 137 30 anderen
1751 957 167 37 Lösungen
1942 957 50 28 die
2007 958 126 28 Malerei
2156 959 55 28 des

837 1008 46 28 17.
898 999 238 37 Jahrhunderts
1158 998 162 39 gefunden
1343 1000 58 27 hat
1425 999 67 27 und
1516 999 57 27 wie
1597 999 167 29 innerhalb
1788 1001 100 28 dieser
1913 1001 136 28 anderen
2077 1001 133 40 Stränge

835 1044 50 28 die
908 1042 224 38 Entwicklung
1158 1042 165 29 verlaufen
1350 1043 53 28 ist.
1432 1042 104 27 Dabei
1564 1042 58 27 soll
1643 1042 153 30 zunächst
1820 1045 55 27 der
1897 1054 58 18 aus
1977 1044 72 28 dem
2073 1051 46 29 15.
2143 1046 67 29 und

837 1088 45 28 16.
898 1086 221 38 Jahrhundert
1136 1086 248 29 übernommene
1401 1085 122 38 Typus,
1542 1085 55 28 der
1614 1085 66 28 sich
1699 1087 57 28 auf
1773 1087 50 28 die
1841 1088 114 27 beiden
1974 1088 236 39 Hauptfiguren

834 1130 205 34 beschränkt,
1057 1128 235 39 ausgeschaltet
1312 1128 139 35 werden;
1471 1138 43 24 er,
1534 1128 55 28 der
1607 1138 63 18 von
1689 1130 188 29 vornherein
1896 1131 100 28 durch
2014 1132 83 27 seine
2118 1133 79 29 Rich­

833 1172 333 39 tungsgebundenheit
1181 1173 54 29 der
1247 1172 193 29 Autonomie
1455 1172 55 28 der
1523 1172 267 39 „Komposition"
1806 1185 39 17 zu
1857 1175 224 28 widerstreben
2094 1176 117 36 schien,

833 1217 84 29 lebte
935 1217 34 36 ja
986 1225 80 28 ganz
1084 1214 231 40 vorzugsweise
1333 1217 33 27 in
1385 1216 55 29 der
1459 1215 201 30 Illustration
1679 1217 108 29 weiter
1806 1219 66 27 und
1891 1218 108 29 wurde
2018 1228 60 18 nur
2096 1219 117 30 einmal

833 1270 64 20 von
910 1260 86 28 einer
1011 1259 85 29 Seite
1109 1260 56 28 her
1179 1258 225 40 aufgegriffen,
1418 1269 65 19 von
1497 1259 55 29 der
1566 1269 75 19 man
1654 1270 33 18 es
1700 1271 54 18 am
1766 1262 174 38 wenigsten
1952 1262 91 28 hätte
2057 1266 154 27 erwarten

833 1304 111 29 sollen:
955 1313 63 18 von
1028 1304 56 27 der
1094 1303 173 39 Skulptur;
1277 1314 65 18 von
1351 1304 114 28 beiden
1473 1303 205 39 Richtungen
1687 1305 59 29 soll
1754 1306 108 28 weiter
1871 1309 98 26 unten
1979 1306 50 28 die
2039 1306 86 29 Rede
2134 1308 75 29 sein.

915 1347 77 28 Hier
1018 1347 131 29 handelt
1175 1357 33 20 es
1225 1348 66 29 sich
1312 1358 55 18 um
1385 1347 90 30 einen
1494 1348 109 38 Typus
1622 1349 55 28 der
1695 1350 212 38 Darstellung,
1933 1351 55 27 der
2006 1351 81 27 auch
2105 1350 33 29 in
2157 1352 55 29 der

832 1391 150 30 Dreizahl
1009 1391 56 28 der
1086 1391 168 35 Personen,
1275 1392 59 28 wie
1355 1391 44 30 sie
1420 1391 68 29 sich
1509 1391 59 29 seit
1592 1391 124 31 Pierino
1736 1394 33 28 in
1790 1394 113 28 immer
1923 1394 153 38 logischer
2098 1395 98 29 durch­

833 1436 132 29 dachter
986 1435 95 28 Form
1096 1435 222 39 eingebürgert
1335 1435 100 35 hatte,
1453 1435 66 29 sein
1539 1435 128 39 Genüge
1683 1437 88 29 nicht
1788 1438 111 34 findet,
1918 1439 55 28 der
1989 1438 153 29 vielmehr
2158 1439 51 30 ein

831 1489 81 29 ganz
928 1488 97 19 neues
1042 1479 147 29 Problem
1205 1479 158 29 aufwirft:
1382 1480 58 28 das
1457 1480 147 29 Problem
1620 1481 55 28 der
1692 1481 179 30 bildhaften
1887 1483 323 39 Zusammenfassung

833 1524 159 29 mehrerer
1009 1523 161 38 Episoden
1188 1523 55 29 der
1261 1523 188 30 ovidischen
1467 1524 195 38 Erzählung.

912 1568 44 29 Es
981 1567 79 30 wird
1085 1576 63 20 von
1174 1566 191 31 vornherein
1390 1570 150 27 erwartet
1566 1568 136 36 werden,
1729 1570 63 28 daß
1817 1570 67 29 sich
1910 1571 50 28 die
1986 1570 225 41 Entwicklung

831 1612 102 29 dieses
951 1613 110 36 Typus
1079 1611 169 30 innerhalb
1267 1613 113 28 betont
1401 1613 262 28 klassizistischer
1685 1613 135 30 Schulen
1840 1615 174 37 abgespielt
2034 1615 70 33 hat;
2126 1617 84 29 denn

830 1656 88 37 jeder
936 1656 227 28 Klassizismus
1178 1656 43 29 ist
1239 1657 226 37 prädestiniert
1483 1667 56 18 zur
1557 1657 204 30 Feindschaft
1779 1668 98 28 gegen
1895 1659 237 29 transitorische
2150 1660 46 29 Zu­

831 1700 191 37 spitzungen
1042 1700 66 28 und
1128 1699 88 39 neigt
1237 1711 40 18 zu
1300 1701 269 28 Kombinationen
1590 1701 198 29 sukzessiver
1809 1703 174 28 Elemente.
2006 1703 75 28 Und
2100 1703 33 29 in
2154 1704 55 29 der

832 1745 61 27 Tat
913 1744 73 28 sind
1005 1744 90 28 nicht
1115 1754 61 18 nur
1197 1744 50 29 die
1268 1745 255 28 bedeutendsten
1542 1745 251 30 künstlerischen
1808 1747 281 37 Formulierungen
2109 1747 101 31 dieses

832 1788 109 37 Typus
974 1797 64 20 von
1064 1788 77 28 zwei
1164 1788 145 29 Führern
1338 1789 56 28 des
1417 1789 225 28 Klassizismus
1670 1789 44 29 im
1739 1798 46 29 17.
1800 1790 231 37 Jahrhundert,
2076 1791 134 31 Poussin

831 1833 67 27 und
921 1832 150 33 Maratta,
1094 1831 160 39 gefunden
1276 1833 140 34 worden,
1438 1833 136 28 sondern
1596 1842 33 19 es
1649 1832 42 29 ist
1715 1834 82 29 auch
1815 1834 86 29 seine
1918 1835 212 28 theoretische
2149 1835 45 29 Be­

830 1876 170 37 gründung
1021 1885 75 18 vom
1109 1876 122 29 Führer
1250 1877 56 28 der
1324 1877 267 28 klassizistischen
1607 1877 229 29 Kunsttheorie
1856 1879 146 33 derZeit,
2022 1880 72 27 dem
2108 1879 86 35 „Vor­

829 1920 103 28 läufer
950 1919 280 30 Winckelmanns“
1255 1921 36 28 G.
1307 1921 36 28 B.
1358 1920 153 35 Beilori,
1533 1920 144 38 geleistet
1699 1922 136 28 worden.

911 1964 38 27 In
969 1963 104 28 einem
1095 1963 216 39 Jugendwerk
1332 1965 54 28 der
1406 1964 116 29 frühen
1543 1964 158 39 dreißiger
1724 1966 98 37 Jahre
1843 1966 56 28 hat
1922 1966 157 29 Poussin
2100 1970 106 26 zuerst

830 2007 68 29 dies
921 2007 147 28 Problem
1089 2007 132 38 gesucht
1246 2009 67 28 und
1336 2008 94 29 dabei
1452 2009 91 28 mehr
1566 2009 223 29 demonstriert
1813 2010 47 28 als
1881 2011 103 37 gelöst
2011 2011 92 36 (Abb.
2117 2011 60 37 42).
2182 2012 11 16 1
2196 2011 10 38 )

831 2051 146 37 Daphne,
998 2051 299 39 flüchtig-klagend,
1318 2052 42 29 ist
1383 2052 115 29 mitten
1519 2053 33 27 in
1574 2052 55 29 der
1651 2053 234 39 Verwandlung
1906 2055 166 37 begriffen,
2094 2055 116 38 Apollo

831 2095 126 28 umfaßt
975 2094 44 29 sie
1037 2095 114 37 gerade
1166 2112 40 4 —
1219 2096 109 29 soweit
1346 2096 175 37 entspricht
1540 2096 76 29 alles
1635 2097 72 29 dem
1720 2098 259 29 transitorischen
1993 2099 118 37 Typus.
2123 2099 84 29 Aber

831 2139 113 37 Apollo
958 2138 43 28 ist
1016 2138 34 37 ja
1064 2139 146 38 garnicht
1225 2140 50 28 ihr
1291 2140 174 38 Verfolger,
1482 2141 136 28 sondern
1633 2140 44 29 sie
1693 2142 55 28 eilt
1763 2142 173 37 gleichsam
1950 2143 33 28 in
1999 2143 84 28 seine
2099 2144 107 34 Arme,

830 2183 58 28 wie
905 2182 44 29 sie
966 2183 33 27 in
1016 2183 139 28 anderen
1173 2183 248 39 Darstellungen
1437 2184 33 28 in
1488 2185 50 27 die
1557 2184 54 29 des
1629 2184 113 30 Vaters
1759 2186 65 33 eilt,
1844 2187 66 27 und
1927 2196 34 19 er
1978 2187 167 37 empfängt
2163 2187 44 30 sie

829 2226 135 34 sitzend,
984 2226 50 28 die
1053 2227 90 28 Leier
1162 2227 66 29 und
1247 2228 61 28 den
1329 2229 128 28 Köcher
1474 2228 105 29 hinter
1598 2228 81 34 sich;
1700 2229 131 29 Peneios
1848 2231 102 37 lagert
1970 2233 162 36 vergrämt
2152 2232 57 29 auf

830 2271 153 36 Daphnes
998 2271 133 28 anderer
1149 2271 94 34 Seite,
1259 2272 102 28 wobei
1376 2282 33 18 er
1423 2272 51 28 ihr
1490 2273 60 28 den
1569 2272 131 30 Rücken
1717 2274 104 34 kehrt,
1839 2274 67 29 also
1921 2284 81 28 ganz
2018 2275 188 39 unbeteiligt

829 2323 41 19 an
883 2315 72 27 dem
964 2314 148 38 Vorgang
1123 2315 131 34 scheint,
1267 2316 125 29 stärker
1404 2316 46 28 als
1463 2316 57 28 das
1530 2316 98 28 selbst
1641 2317 50 28 bei
1702 2318 124 28 Pierino
1837 2319 129 28 fühlbar
1977 2328 140 28 gewesen
2129 2329 73 19 war.

911 2393 23 30 1)
949 2393 138 23 München
1097 2394 47 21 Nr.
1157 2400 76 24 2334,
1253 2394 94 23 früher
1360 2395 30 22 in
1411 2395 191 26 Schleißheim,
1618 2396 148 30 gestochen
1781 2404 56 16 von
1850 2397 149 24 Chauveau
2012 2399 77 29 1667;
2112 2398 91 24 Smith

833 2429 61 29 r87;
914 2429 43 21 W.
969 2428 185 27 Friedländer,
1175 2429 34 24 N.
1222 2430 124 26 Poussin,
1366 2431 139 22 München
1521 2437 74 23 1914,
1618 2431 26 22 S.
1659 2438 57 23 113,
1737 2433 71 22 Abb.
1823 2434 57 28 164.
1903 2433 77 23 Ganz
1994 2433 109 23 ähnlich
2121 2433 82 30 (ohne

832 2464 54 22 den
896 2463 95 23 linken
1003 2464 68 29 Teil)
1086 2464 71 22 nach
1170 2464 48 23 der
1230 2465 206 30 Beschreibung
1451 2465 104 23 Smiths
1570 2466 57 29 (Nr.
1642 2466 58 31 188)
1715 2467 45 23 ein
1772 2468 122 23 ehemals
1903 2468 74 23 beim
1988 2468 63 23 Earl
2061 2468 28 23 of
2099 2469 104 23 North-

829 2498 70 23 wick
914 2498 181 24 befindliches
1112 2499 70 23 Bild.
