2464 3159
223 371 240 28 Buchillustration
486 372 54 23 und
564 370 161 25 Verwandtes

1552 367 39 31 25

2169 2783 32 32 r

87 1498 42 122 ’SinquiDH
93 1356 32 115 laiOTqifi

159 1609 6 3 .
139 1461 35 133 iHJH5W*|Ufl
133 1352 34 97 »-aoois

224 435 77 30 Gott
317 437 51 33 ab,
383 436 56 27 auf
453 435 54 28 der
522 433 129 29 zweiten
666 432 97 28 bittet
778 431 135 37 Daphne
927 429 89 30 ihren
1031 430 97 28 Vater
1144 428 140 38 Peneios,
1299 431 43 28 sie
1356 430 50 30 bei
1421 432 59 27 den
1495 432 84 37 Nym­

220 481 85 37 phen
319 490 38 19 zu
371 480 114 34 lassen,
500 479 56 28 auf
569 477 54 29 der
636 475 122 29 vierten
773 476 121 27 trösten
910 473 49 28 die
974 472 139 30 anderen
1127 472 188 40 Flußgötter
1328 475 60 28 den
1402 474 189 30 trauernden

222 523 144 36 Peneios;
383 524 67 28 hier
466 520 191 31 interessiert
674 519 49 28 die
740 517 97 29 dritte
857 516 92 38 (Abb.
965 517 60 38 21),
1044 517 50 28 die
1110 517 44 26 im
1171 515 222 40 Vordergrund
1410 519 49 27 die
1475 518 104 29 Verfol­

219 577 95 30 gung,
333 569 44 27 im
395 564 218 40 Hintergrund
629 572 80 28 ganz
727 561 83 29 klein
829 561 49 28 die
897 558 234 40 Verwandlung
1147 559 92 38 zeigt,
1258 560 68 29 eine
1343 561 165 37 spezifisch
1525 561 54 28 illu­

219 611 134 31 strative
376 612 96 29 Form
492 610 66 27 also
579 607 67 29 und
667 606 58 28 das
745 604 114 39 gerade
884 602 163 40 Gegenteil
1068 606 84 25 etwa
1172 603 56 28 der
1250 601 265 42 „Komposition“
1539 605 52 27 bei

220 640 1371 60 Agostino Veneziano. * 1 ) Und diesen Charakter bewahrt auch eine Darstellung,
220 700 49 29 die
293 708 74 21 man
389 699 103 28 einem
516 694 137 35 Großen,
677 692 138 30 nämlich
841 690 215 40 Giorgione,
1081 688 243 42 zugeschrieben
1346 690 71 29 hat:
1442 691 56 28 das
1521 692 71 27 Bild

219 745 45 27 im
289 740 173 33 Seminario
486 738 191 31 Patriarcale
701 736 31 29 in
757 735 140 38 Venedig
923 735 92 39 (Abb.
1030 734 62 38 26).
1096 734 12 16 2
1110 734 9 37 )
1160 733 71 31 Sein
1256 732 181 32 Verhältnis
1460 744 38 18 zu
1522 735 72 27 dem

220 784 199 34 Holzschnitt
430 795 62 18 von
502 791 76 29 1497
587 780 166 40 (Textabb.
762 788 28 29 4,
802 780 27 29 S.
836 778 52 38 26)
900 779 56 28 hat
968 778 85 38 Justi
1065 778 100 37 gewiß
1177 778 58 28 mit
1248 777 100 30 Recht
1360 778 45 28 als
1415 777 165 39 Abhängig­

218 832 66 28 keit
304 830 164 39 gedeutet:
490 825 205 32 Cassonebild
714 824 68 30 und
795 821 285 33 Buchillustration
1100 822 112 28 stehen
1230 821 66 29 sich
1315 831 82 19 zwar
1414 821 180 37 notwendig

219 875 81 29 nahe
315 875 32 28 in
361 874 83 28 ihrer
458 870 209 31 erzählenden
684 869 68 33 Art,
768 867 75 30 aber
859 867 49 29 die
923 865 207 40 Verbindung
1145 865 59 29 mit
1219 865 54 29 der
1289 863 304 40 Pythongeschichte

217 920 32 27 in
264 919 54 29 der
331 927 76 19 vom
421 917 97 28 Maler
531 914 177 39 gewählten
723 913 96 28 Form
834 911 61 37 (die
909 910 84 30 linke
1011 910 83 29 Seite
1107 910 42 28 ist
1163 907 262 41 fragmentarisch
1439 908 152 38 erhalten)

217 963 69 29 läßt
300 960 167 31 zweifellos
482 961 56 28 auf
552 957 172 40 Anregung
738 955 100 30 durch
854 956 62 28 den
932 953 203 32 Holzschnitt
1150 952 169 31 schließen.
1336 952 70 29 Von
1421 951 119 30 diesem
1552 953 42 27 ist

217 1006 113 39 jedoch
351 1004 205 39 imabhängig
576 1003 50 29 die
646 1000 143 32 reizende
811 999 204 39 Darstellung
1035 998 45 29 im
1101 997 132 30 Palazzo
1253 997 121 29 Corsini
1394 1005 39 19 zu
1454 995 140 35 Florenz,

217 1052 51 28 die
288 1050 83 29 wohl
391 1050 60 27 mit
466 1049 90 28 mehr
580 1046 103 30 Recht
697 1043 158 32 Andrea
871 1044 63 28 del
952 1042 111 30 Sarto
1083 1043 47 27 als
1145 1040 194 31 Bacchiacca
1357 1039 140 39 gegeben
1517 1039 78 28 wird

220 1094 93 38 (Abb.
328 1095 49 37 27)
386 1093 12 17 3
400 1093 9 38 )
444 1093 67 29 und
544 1093 56 28 auf
629 1091 56 28 der
710 1088 102 32 neben
831 1089 56 29 der
912 1086 204 40 unbefangen
1141 1086 45 28 im
1210 1083 201 31 Zeitkostüm
1435 1083 160 29 erzählten

217 1135 315 44 Daphnegeschichte
547 1137 44 28 im
605 1132 211 42 Mittelgrund
835 1133 57 28 das
910 1131 162 30 Schicksal
1089 1131 55 28 des
1161 1129 118 30 Narziß
1296 1128 187 38 geschildert
1502 1127 91 34 wird;

215 1186 84 27 etwa
320 1182 165 30 derselben
506 1181 69 28 Zeit
597 1180 113 38 gehört
731 1178 51 30 ein
804 1177 204 30 Cassonebild
1034 1175 57 29 des
1118 1174 121 30 Matteo
1261 1172 181 31 Balducci
1463 1180 53 25 an,
1539 1171 56 28 das

218 1237 57 20 vor
290 1227 85 30 einer
384 1225 125 29 reichen
521 1224 195 30 Landschaft
728 1223 59 28 mit
798 1222 73 29 dem
882 1219 184 31 Parisurteil
1077 1218 49 30 die
1136 1218 71 29 sehr
1219 1214 217 38 „antikische“
1449 1214 128 30 Einzel­

217 1272 101 39 figur
336 1272 56 28 der
410 1270 180 29 fliehenden
609 1269 67 28 und
694 1277 40 19 an
754 1267 61 29 den
836 1265 135 29 Händen
990 1265 66 28 sich
1076 1260 264 33 verwandelnden
1360 1260 135 37 Daphne
1513 1258 80 37 zeigt

222 1316 93 39 (Abb.
332 1315 60 38 28).
397 1314 11 17 4
412 1315 8 36 )

299 1360 67 29 Wir
382 1359 105 29 haben
502 1357 68 29 hier
586 1357 32 28 in
634 1358 99 27 erster
750 1353 88 30 Linie
855 1353 166 34 berichtet,
1039 1350 58 30 wie
1114 1351 44 27 im
1175 1350 98 28 Laufe
1291 1349 54 27 des
1366 1346 229 39 Quattrocento

217 1405 51 28 ein
292 1401 259 41 Hauptproblem
572 1401 55 28 der
649 1398 214 39 Darstellung,
886 1398 51 28 die
960 1393 281 41 „überzeugende“
1265 1390 329 40 Veranschaulichung

219 1458 63 20 von
305 1446 193 40 Verfolgung
519 1446 67 27 und
607 1441 234 41 Verwandlung
861 1441 100 38 gelöst
984 1438 128 30 worden
1133 1437 51 29 ist.
1209 1437 44 29 Es
1273 1436 42 29 ist
1336 1438 67 35 gut,
1427 1435 51 27 bei
1499 1435 80 28 noch­

218 1493 150 40 maligem
382 1485 212 36 Überblicken
614 1488 100 28 dieser
729 1486 167 37 Lösungen
911 1495 39 18 zu
965 1482 182 35 bemerken,
1167 1481 62 29 daß
1244 1481 43 29 sie
1303 1480 75 28 zwei
1394 1477 199 40 Richtungen

218 1537 159 31 erkennen
396 1534 114 35 lassen,
529 1532 140 29 insofern
689 1531 57 28 das
765 1528 204 40 Augenmerk
987 1528 56 28 auf
1062 1526 58 30 das
1139 1523 181 32 Verhältnis
1339 1524 54 28 der
1413 1521 112 29 beiden
1546 1522 35 27 Fi­

214 1592 99 28 guren
331 1578 192 31 zueinander
538 1576 155 40 gerichtet
710 1574 94 31 wird:
821 1574 80 35 eine,
919 1573 50 29 die
987 1570 155 30 zwischen
1160 1568 161 41 Verfolger
1336 1566 67 30 und
1419 1565 175 40 Verfolgter

215 1626 92 30 einen
322 1623 181 32 deutlichen
518 1621 256 30 Zwischenraum
786 1618 80 35 läßt,
881 1618 67 28 und
961 1617 70 28 eine
1045 1616 128 33 andere,
1188 1613 50 30 die
1253 1613 44 29 sie
1311 1622 39 18 zu
1364 1611 86 29 einer
1463 1610 118 29 einheit­

215 1669 137 34 licheren
379 1667 130 39 Gruppe
532 1663 268 33 zusammenfaßt.
826 1662 97 30 Beide
948 1660 167 39 Lösungen
1139 1657 108 31 finden
1272 1657 65 29 sich
1362 1654 148 30 zuweilen
1535 1663 41 19 zu­

216 1722 177 28 sammen,
408 1712 44 29 sei
464 1722 33 19 es
509 1705 432 35 illustrativ-koordinierend
954 1705 44 27 im
1010 1704 142 37 gleichen
1164 1701 123 31 Raume
1304 1700 91 38 (Abb.
1408 1707 46 27 14,
1471 1705 45 29 15,
1532 1698 60 36 21),

217 1760 44 29 sei
281 1768 33 19 es
335 1758 56 30 auf
410 1756 76 29 zwei
506 1753 245 31 verschiedenen
771 1749 247 40 Darstellungen
1040 1747 95 39 (Abb.
1151 1753 128 28 10—11,
1302 1742 141 38 12—13),
1464 1742 67 28 und
1550 1741 44 29 sie

217 1856 83 25 Liller
308 1853 159 32 Zeichnung
474 1853 49 23 des
531 1852 106 30 Jacopo
647 1849 150 32 (Ripanda)
807 1849 37 23 da
852 1846 125 31 Bologna
983 1853 57 15 von
1051 1845 68 29 1516
1129 1842 78 31 (Kat.
1219 1839 168 26 Mus.Wicar
1396 1840 67 27 1889
1471 1837 48 24 Nr.
1531 1837 63 29 388;

221 1891 161 32 Schubring,
405 1889 113 24 Cassom
542 1888 26 22 S.
583 1893 61 22 191;
669 1886 33 22 G.
714 1884 107 28 Fiocco,
844 1882 102 24 L’Arte
968 1880 113 27 XXIII,
1106 1886 75 21 1920,
1204 1878 45 30 46;
1273 1876 81 24 Phot.
1377 1875 95 23 Braun
1494 1873 99 30 72108;

217 1927 88 25 sicher
321 1925 89 32 Kopie
425 1925 72 23 nach
511 1922 194 24 unbekannter
718 1917 128 34 Vorlage)
862 1918 57 23 und
937 1915 134 25 Sodomas
1085 1915 90 22 kleine
1192 1911 124 25 Grisaille
1331 1919 36 15 an
1381 1911 47 23 der
1443 1908 92 25 Decke
1549 1908 47 22 des

219 1958 285 30 Alexanderzimmers
520 1959 49 22 der
585 1956 160 24 Farnesina.

302 1997 22 32 1)
340 1997 69 23 Eine
428 1994 127 25 ähnliche
570 1992 83 31 Folge
672 1998 56 16 von
744 1986 210 27 Illustrationen
972 1987 80 22 hatte
1073 1985 87 30 gewiß
1175 1983 48 25 der
1238 1982 88 24 Autor
1340 1980 75 24 einer
1429 1994 35 2 —
1478 1978 71 23 wohl
1564 1986 31 15 zu

219 2033 125 27 Unrecht
369 2033 89 22 Rosso
482 2027 248 33 zugeschriebenen
754 2038 37 4 —
815 2021 276 33 Uffizienzeichnung
1115 2021 40 22 im
1180 2019 77 29 Auge
1284 2017 58 31 (Nr.
1354 2017 77 29 6491,
1458 2013 139 24 Berenson

218 2070 49 23 Nr.
280 2067 89 32 2422),
387 2067 40 23 als
443 2073 29 16 er
488 2065 60 23 vier
564 2062 144 25 Entwürfe
725 2061 44 23 für
786 2058 195 25 verschiedene
1000 2057 106 23 Szenen
1122 2056 48 22 der
1188 2053 85 24 Fabel
1289 2052 48 24 auf
1354 2052 49 23 das
1420 2050 79 23 Blatt
1516 2048 77 24 warf:

221 2104 61 24 Den
298 2102 92 25 Schuß
406 2101 98 24 Amors
519 2099 47 23 auf
581 2099 54 23 den
650 2096 127 24 offenbar
792 2095 72 24 noch
879 2093 79 31 eifrig
973 2093 51 22 mit
1039 2091 59 24 ihm
1112 2086 226 28 diskutierenden
1352 2085 111 33 Apollo;
1479 2084 50 23 das
1545 2083 40 22 Ge­

219 2139 99 31 spräch
333 2145 56 16 von
403 2138 58 22 drei
471 2134 151 33 Nymphen
636 2133 52 23 mit
703 2132 48 23 der
765 2136 86 25 gegen
866 2130 44 23 die
921 2128 98 25 Heirat
1034 2127 59 23 sich
1108 2122 185 28 sträubenden
1304 2121 129 31 Daphne;
1449 2120 53 23 den
1520 2119 74 25 Gott,

220 2175 51 23 wie
288 2181 28 15 er
333 2174 44 22 die
392 2173 72 22 hoch
481 2169 197 26 aufschießend
694 2167 59 23 sich
769 2162 218 27 Verwandelnde
1003 2162 120 23 knieend
1140 2159 110 26 umfaßt
1269 2158 70 30 (eine
1355 2152 241 28 charakteristisch

221 2207 247 34 verlebendigende
484 2205 154 25 Korrektur
653 2201 175 33 Peruginos);
845 2201 57 22 und
917 2197 162 26 schließlich
1093 2194 145 26 nochmals
1252 2193 100 32 Apollo
1365 2191 54 23 mit
1431 2188 167 25 erhobenem

222 2242 214 28 Lorbeerkranz.
458 2242 57 23 Das
536 2241 78 22 Blatt
635 2239 67 22 wird
723 2245 56 16 von
800 2237 47 23 Dr.
861 2236 85 23 Antal
965 2231 210 25 veröffentlicht
1195 2228 117 25 werden.

304 2279 25 30 2)
344 2280 30 22 L.
390 2278 82 30 Justi,
500 2275 146 32 Giorgione
653 2274 10 14 2
667 2293 5 8 ,
701 2274 74 28 1926,
797 2273 37 26 II,
855 2279 50 21 312
926 2278 26 15 u.
973 2276 47 23 321
1029 2269 30 22 ff.
1083 2265 163 32 Schubring,
1266 2262 113 25 Cassoni
1397 2261 48 24 Nr.
1458 2260 59 30 879,
1538 2257 58 23 Taf.

221 2314 61 25 Taf.
294 2312 183 26 CLXXXIV.
494 2311 114 28 Ridolfi,
624 2308 162 31 Maraviglie
801 2307 42 24 ed.
860 2314 27 16 v.
905 2305 111 24 Hadeln
1032 2304 13 23 I
1064 2301 105 33 (Berlin
1187 2299 87 31 1914),
1290 2299 42 29 98.
1350 2297 48 23 Als
1412 2293 187 33 Campagnola

221 2352 48 23 bei
288 2349 89 29 Suter,
396 2348 28 22 Z.
441 2348 19 22 f.
478 2348 26 22 b.
525 2347 34 23 K.
579 2345 122 31 1926/27,
722 2350 57 24 137.

305 2385 25 31 3)
346 2383 48 25 Als
412 2381 170 25 Bacchiacca
599 2380 45 24 bei
661 2379 125 28 Venturi,
808 2378 91 24 Storia
917 2375 52 29 IX,
991 2382 22 19 1,
1033 2381 60 23 472.

303 2421 27 30 4)
345 2420 35 23 In
408 2419 50 22 der
482 2415 238 32 Kunsthandlung
747 2421 57 17 van
829 2412 126 27 Diemen,
981 2409 107 27 Berlin;
1114 2410 34 27 67
1161 2405 67 31 x84
1238 2412 53 16 cm.
1317 2399 204 33 Zuschreibung
1544 2404 55 16 von

223 2458 30 23 F.
266 2455 94 26 Antal.
376 2455 33 22 In
422 2452 142 24 ähnlicher
575 2451 90 23 Weise
678 2448 82 25 allein
771 2448 136 32 begegnet
920 2446 118 32 Daphne
1051 2443 48 24 auf
1111 2441 75 25 einer
1199 2438 157 32 Zeichnung
1369 2436 47 24 des
1429 2432 172 26 Brescianers

221 2491 149 27 Tommaso
385 2490 81 22 Bona
480 2495 57 16 von
554 2487 67 28 1609
636 2485 30 22 in
681 2483 151 26 Frankfurt
849 2484 58 29 (Nr.
921 2480 109 32 13349)-
1046 2492 37 4 —

303 2526 73 25 Zwei
392 2531 71 23 ganz
480 2521 195 25 abweichende
692 2515 345 36 Daphne-Darstellungen
1054 2521 51 16 aus
1123 2511 87 24 dieser
1228 2507 121 30 Periode,
1369 2505 98 25 Werke
1485 2502 112 25 Luinis

222 2563 58 24 und
302 2559 114 27 Dossis
439 2558 81 30 (Abb.
532 2558 42 29 65,
596 2556 44 30 66)
662 2554 109 24 werden
790 2555 29 23 in
840 2554 110 23 Exkurs
961 2551 44 24 III
1026 2546 160 26 behandelt.

1625 2417 47 61 ^
1876 2412 45 34 d
1947 2422 23 19 y
2007 2408 48 31 d

1605 2698 68 61 />•
1697 2686 95 65 Yf.
