<?xml version="1.0" encoding="UTF-8" standalone="yes"?>
<alto xmlns="http://www.loc.gov/standards/alto/ns-v2#" xmlns:xlink="http://www.w3.org/1999/xlink" xmlns:xsi="http://www.w3.org/2001/XMLSchema-instance" xsi:schemaLocation="http://www.loc.gov/standards/alto/ns-v2# http://www.loc.gov/standards/alto/alto-v2.0.xsd">
<Description>
<MeasurementUnit>pixel</MeasurementUnit>
<OCRProcessing ID="IdOcr"><ocrProcessingStep><processingDateTime>2018-03-22</processingDateTime><processingSoftware><softwareCreator>ABBYY</softwareCreator><softwareName>ABBYY FineReader Engine</softwareName><softwareVersion>11</softwareVersion></processingSoftware></ocrProcessingStep></OCRProcessing>
</Description>
<Styles>
</Styles>
<Layout>
<Page ID="Page1" PHYSICAL_IMG_NR="1" HEIGHT="3159" WIDTH="2409">
<TopMargin HEIGHT="677" WIDTH="2409" VPOS="0" HPOS="0">
</TopMargin>
<LeftMargin HEIGHT="1873" WIDTH="812" VPOS="677" HPOS="0">
</LeftMargin>
<RightMargin HEIGHT="1873" WIDTH="200" VPOS="677" HPOS="2209">
</RightMargin>
<BottomMargin HEIGHT="609" WIDTH="2409" VPOS="2550" HPOS="0">
</BottomMargin>
<PrintSpace HEIGHT="1873" WIDTH="1397" VPOS="677" HPOS="812">
<TextBlock ID="Page1_Block1" HEIGHT="119" WIDTH="1274" VPOS="677" HPOS="881" language="de"><Shape><Polygon POINTS="886,684 2159,684 2159,795 886,795 886,684"/></Shape>
<TextLine HEIGHT="53" WIDTH="1262" VPOS="682" HPOS="887"><String WC="0.9649999738" CONTENT="6." HEIGHT="35" WIDTH="33" VPOS="683" HPOS="887"/><SP WIDTH="16" VPOS="683" HPOS="921"/><String WC="0.7928571701" CONTENT="ZYKLUS," HEIGHT="43" WIDTH="221" VPOS="683" HPOS="938"/><SP WIDTH="24" VPOS="685" HPOS="1160"/><String WC="0.9322222471" CONTENT="STAFFAGE," HEIGHT="45" WIDTH="279" VPOS="684" HPOS="1185"/><SP WIDTH="21" VPOS="688" HPOS="1465"/><String WC="0.9466666579" CONTENT="ILLUSTRATION" HEIGHT="39" WIDTH="389" VPOS="686" HPOS="1487"/><SP WIDTH="23" VPOS="689" HPOS="1877"/><String WC="1." CONTENT="SEIT" HEIGHT="36" WIDTH="117" VPOS="689" HPOS="1901"/><SP WIDTH="18" VPOS="690" HPOS="2019"/><String WC="0.9033333063" CONTENT="DER" HEIGHT="36" WIDTH="111" VPOS="690" HPOS="2038"/></TextLine>
<TextLine HEIGHT="38" WIDTH="368" VPOS="747" HPOS="1332"><String WC="0.9863636494" CONTENT="RENAISSANCE" HEIGHT="38" WIDTH="368" VPOS="747" HPOS="1332"/></TextLine>
</TextBlock>
<TextBlock ID="Page1_Block2" HEIGHT="933" WIDTH="1391" VPOS="826" HPOS="817" language="de"><Shape><Polygon POINTS="827,833 2213,833 2213,1760 827,1760 827,833"/></Shape>
<TextLine HEIGHT="46" WIDTH="1291" VPOS="831" HPOS="909"><String WC="1." CONTENT="Es" HEIGHT="28" WIDTH="44" VPOS="833" HPOS="909"/><SP WIDTH="10" VPOS="842" HPOS="954"/><String WC="0.8500000238" CONTENT="versteht" HEIGHT="30" WIDTH="142" VPOS="832" HPOS="965"/><SP WIDTH="10" VPOS="835" HPOS="1108"/><String WC="0.7275000215" CONTENT="sich" HEIGHT="30" WIDTH="65" VPOS="832" HPOS="1119"/><SP WIDTH="13" VPOS="833" HPOS="1185"/><String WC="0.7633333206" CONTENT="von" HEIGHT="20" WIDTH="63" VPOS="842" HPOS="1199"/><SP WIDTH="10" VPOS="843" HPOS="1263"/><String WC="0.9085714221" CONTENT="selbst," HEIGHT="33" WIDTH="109" VPOS="834" HPOS="1274"/><SP WIDTH="12" VPOS="834" HPOS="1384"/><String WC="0.8799999952" CONTENT="daß" HEIGHT="31" WIDTH="63" VPOS="833" HPOS="1397"/><SP WIDTH="10" VPOS="835" HPOS="1461"/><String WC="0.7039999962" CONTENT="neben" HEIGHT="29" WIDTH="103" VPOS="835" HPOS="1472"/><SP WIDTH="11" VPOS="836" HPOS="1576"/><String WC="1." CONTENT="den" HEIGHT="27" WIDTH="61" VPOS="836" HPOS="1588"/><SP WIDTH="9" VPOS="836" HPOS="1650"/><String WC="0.8050000072" CONTENT="in" HEIGHT="28" WIDTH="33" VPOS="837" HPOS="1660"/><SP WIDTH="11" VPOS="837" HPOS="1694"/><String WC="1." CONTENT="den" HEIGHT="28" WIDTH="61" VPOS="837" HPOS="1706"/><SP WIDTH="9" VPOS="837" HPOS="1768"/><String WC="0.8866666555" CONTENT="beiden" HEIGHT="30" WIDTH="114" VPOS="837" HPOS="1778"/><SP WIDTH="11" VPOS="848" HPOS="1893"/><String WC="0.9328571558" CONTENT="vorigen" HEIGHT="38" WIDTH="129" VPOS="838" HPOS="1905"/><SP WIDTH="12" VPOS="839" HPOS="2035"/><String WC="0.8887500167" CONTENT="Kapiteln" HEIGHT="38" WIDTH="152" VPOS="839" HPOS="2048"/></TextLine>
<TextLine HEIGHT="47" WIDTH="1373" VPOS="875" HPOS="828"><String WC="0.8933333158" CONTENT="behandelten," HEIGHT="36" WIDTH="222" VPOS="875" HPOS="828"/><SP WIDTH="9" VPOS="885" HPOS="1051"/><String WC="0.6566666961" CONTENT="auf" HEIGHT="28" WIDTH="56" VPOS="877" HPOS="1061"/><SP WIDTH="5" VPOS="877" HPOS="1118"/><String WC="0.7983333468" CONTENT="gruppenhafte" HEIGHT="39" WIDTH="233" VPOS="877" HPOS="1124"/><SP WIDTH="11" VPOS="877" HPOS="1358"/><String WC="0.9800000191" CONTENT="Geschlossenheit" HEIGHT="31" WIDTH="271" VPOS="877" HPOS="1370"/><SP WIDTH="9" VPOS="881" HPOS="1642"/><String WC="0.9391666651" CONTENT="abgestellten" HEIGHT="40" WIDTH="205" VPOS="879" HPOS="1652"/><SP WIDTH="8" VPOS="881" HPOS="1858"/><String WC="0.9679999948" CONTENT="Typen" HEIGHT="38" WIDTH="110" VPOS="881" HPOS="1867"/><SP WIDTH="9" VPOS="883" HPOS="1978"/><String WC="0.9399999976" CONTENT="der" HEIGHT="28" WIDTH="55" VPOS="883" HPOS="1988"/><SP WIDTH="7" VPOS="883" HPOS="2044"/><String WC="0.8600000143" CONTENT="Daphne-" HEIGHT="38" WIDTH="149" VPOS="883" HPOS="2052"/></TextLine>
<TextLine HEIGHT="47" WIDTH="1371" VPOS="918" HPOS="829"><String WC="0.8327272534" CONTENT="Darstellung" HEIGHT="39" WIDTH="204" VPOS="919" HPOS="829"/><SP WIDTH="12" VPOS="929" HPOS="1034"/><String WC="0.8299999833" CONTENT="auch" HEIGHT="29" WIDTH="81" VPOS="919" HPOS="1047"/><SP WIDTH="13" VPOS="919" HPOS="1129"/><String WC="0.9800000191" CONTENT="vom" HEIGHT="20" WIDTH="75" VPOS="929" HPOS="1143"/><SP WIDTH="14" VPOS="929" HPOS="1219"/><String WC="0.6499999762" CONTENT="16." HEIGHT="29" WIDTH="46" VPOS="920" HPOS="1234"/><SP WIDTH="15" VPOS="921" HPOS="1281"/><String WC="0.7433333397" CONTENT="bis" HEIGHT="28" WIDTH="49" VPOS="921" HPOS="1297"/><SP WIDTH="14" VPOS="929" HPOS="1347"/><String WC="0.8100000024" CONTENT="18." HEIGHT="28" WIDTH="47" VPOS="921" HPOS="1362"/><SP WIDTH="13" VPOS="921" HPOS="1410"/><String WC="0.8218181729" CONTENT="Jahrhundert" HEIGHT="38" WIDTH="220" VPOS="921" HPOS="1424"/><SP WIDTH="14" VPOS="922" HPOS="1645"/><String WC="0.9766666889" CONTENT="der" HEIGHT="29" WIDTH="54" VPOS="923" HPOS="1660"/><SP WIDTH="13" VPOS="934" HPOS="1715"/><String WC="0.9071428776" CONTENT="andere," HEIGHT="35" WIDTH="124" VPOS="924" HPOS="1729"/><SP WIDTH="13" VPOS="934" HPOS="1854"/><String WC="0.8870587945" CONTENT="richtunggebundene" HEIGHT="41" WIDTH="332" VPOS="924" HPOS="1868"/></TextLine>
<TextLine HEIGHT="52" WIDTH="1373" VPOS="957" HPOS="828"><String WC="1." CONTENT="in" HEIGHT="28" WIDTH="33" VPOS="963" HPOS="828"/><SP WIDTH="18" VPOS="958" HPOS="862"/><String WC="0.7779999971" CONTENT="Übung" HEIGHT="44" WIDTH="118" VPOS="957" HPOS="881"/><SP WIDTH="16" VPOS="963" HPOS="1000"/><String WC="0.8999999762" CONTENT="bleibt," HEIGHT="34" WIDTH="110" VPOS="963" HPOS="1017"/><SP WIDTH="19" VPOS="973" HPOS="1128"/><String WC="1." CONTENT="aus" HEIGHT="19" WIDTH="57" VPOS="973" HPOS="1148"/><SP WIDTH="18" VPOS="963" HPOS="1206"/><String WC="0.6933333278" CONTENT="dem" HEIGHT="28" WIDTH="72" VPOS="964" HPOS="1225"/><SP WIDTH="17" VPOS="974" HPOS="1298"/><String WC="0.9049999714" CONTENT="sich" HEIGHT="27" WIDTH="66" VPOS="965" HPOS="1316"/><SP WIDTH="17" VPOS="964" HPOS="1383"/><String WC="0.8450000286" CONTENT="jene" HEIGHT="40" WIDTH="70" VPOS="964" HPOS="1401"/><SP WIDTH="19" VPOS="976" HPOS="1472"/><String WC="1." CONTENT="erst" HEIGHT="26" WIDTH="64" VPOS="968" HPOS="1492"/><SP WIDTH="18" VPOS="966" HPOS="1557"/><String WC="0.8899999857" CONTENT="durch" HEIGHT="30" WIDTH="100" VPOS="966" HPOS="1576"/><SP WIDTH="18" VPOS="968" HPOS="1677"/><String WC="0.8600000143" CONTENT="Hinzuziehung" HEIGHT="39" WIDTH="241" VPOS="967" HPOS="1696"/><SP WIDTH="18" VPOS="970" HPOS="1938"/><String WC="0.8399999738" CONTENT="der" HEIGHT="28" WIDTH="54" VPOS="970" HPOS="1957"/><SP WIDTH="18" VPOS="971" HPOS="2012"/><String WC="0.7059999704" CONTENT="Figur" HEIGHT="39" WIDTH="96" VPOS="970" HPOS="2031"/><SP WIDTH="18" VPOS="972" HPOS="2128"/><String WC="1." CONTENT="des" HEIGHT="28" WIDTH="54" VPOS="972" HPOS="2147"/></TextLine>
<TextLine HEIGHT="47" WIDTH="1371" VPOS="1005" HPOS="829"><String WC="0.9028571248" CONTENT="Peneios" HEIGHT="29" WIDTH="131" VPOS="1006" HPOS="829"/><SP WIDTH="16" VPOS="1015" HPOS="960"/><String WC="0.9499999881" CONTENT="entwickelt" HEIGHT="29" WIDTH="180" VPOS="1006" HPOS="977"/><SP WIDTH="18" VPOS="1007" HPOS="1157"/><String WC="0.9542857409" CONTENT="hatten." HEIGHT="29" WIDTH="123" VPOS="1007" HPOS="1175"/><SP WIDTH="19" VPOS="1008" HPOS="1298"/><String WC="1." CONTENT="Es" HEIGHT="28" WIDTH="45" VPOS="1008" HPOS="1317"/><SP WIDTH="16" VPOS="1008" HPOS="1362"/><String WC="0.9366666675" CONTENT="ist" HEIGHT="28" WIDTH="43" VPOS="1008" HPOS="1378"/><SP WIDTH="18" VPOS="1010" HPOS="1421"/><String WC="0.8199999928" CONTENT="aber" HEIGHT="29" WIDTH="77" VPOS="1009" HPOS="1439"/><SP WIDTH="18" VPOS="1019" HPOS="1516"/><String WC="0.9933333397" CONTENT="ebenso" HEIGHT="29" WIDTH="117" VPOS="1009" HPOS="1535"/><SP WIDTH="17" VPOS="1009" HPOS="1652"/><String WC="0.8075000048" CONTENT="begreiflich," HEIGHT="38" WIDTH="193" VPOS="1010" HPOS="1669"/><SP WIDTH="19" VPOS="1012" HPOS="1862"/><String WC="1." CONTENT="daß" HEIGHT="29" WIDTH="63" VPOS="1012" HPOS="1881"/><SP WIDTH="17" VPOS="1013" HPOS="1944"/><String WC="0.8916666508" CONTENT="dieser" HEIGHT="29" WIDTH="100" VPOS="1013" HPOS="1961"/><SP WIDTH="19" VPOS="1015" HPOS="2061"/><String WC="0.9316666722" CONTENT="Typus," HEIGHT="37" WIDTH="120" VPOS="1015" HPOS="2080"/></TextLine>
<TextLine HEIGHT="47" WIDTH="1372" VPOS="1049" HPOS="828"><String WC="0.9966666698" CONTENT="demgegenüber" HEIGHT="40" WIDTH="250" VPOS="1049" HPOS="828"/><SP WIDTH="17" VPOS="1060" HPOS="1079"/><String WC="0.9100000262" CONTENT="sich" HEIGHT="28" WIDTH="66" VPOS="1050" HPOS="1097"/><SP WIDTH="15" VPOS="1050" HPOS="1164"/><String WC="0.7549999952" CONTENT="ja" HEIGHT="37" WIDTH="34" VPOS="1051" HPOS="1180"/><SP WIDTH="15" VPOS="1060" HPOS="1215"/><String WC="0.8566666842" CONTENT="gerade" HEIGHT="36" WIDTH="115" VPOS="1052" HPOS="1231"/><SP WIDTH="17" VPOS="1052" HPOS="1347"/><String WC="1." CONTENT="das" HEIGHT="28" WIDTH="56" VPOS="1052" HPOS="1365"/><SP WIDTH="17" VPOS="1061" HPOS="1422"/><String WC="0.9366666675" CONTENT="selbständige" HEIGHT="39" WIDTH="213" VPOS="1052" HPOS="1440"/><SP WIDTH="13" VPOS="1053" HPOS="1654"/><String WC="0.8000000119" CONTENT="Bild" HEIGHT="28" WIDTH="73" VPOS="1054" HPOS="1668"/><SP WIDTH="12" VPOS="1055" HPOS="1742"/><String WC="0.6999999881" CONTENT="auf" HEIGHT="27" WIDTH="55" VPOS="1055" HPOS="1755"/><SP WIDTH="11" VPOS="1055" HPOS="1811"/><String WC="0.9599999785" CONTENT="seine" HEIGHT="29" WIDTH="84" VPOS="1055" HPOS="1823"/><SP WIDTH="12" VPOS="1065" HPOS="1908"/><String WC="0.8529999852" CONTENT="speziellen" HEIGHT="37" WIDTH="165" VPOS="1057" HPOS="1921"/><SP WIDTH="14" VPOS="1058" HPOS="2087"/><String WC="1." CONTENT="Kom" HEIGHT="29" WIDTH="84" VPOS="1058" HPOS="2102" SUBS_TYPE="HypPart1" SUBS_CONTENT="Kompositionsgesetze"/><HYP CONTENT="­"/></TextLine>
<TextLine HEIGHT="47" WIDTH="1373" VPOS="1092" HPOS="827"><String WC="0.9750000238" CONTENT="positionsgesetze" HEIGHT="39" WIDTH="279" VPOS="1093" HPOS="827" SUBS_TYPE="HypPart2" SUBS_CONTENT="Kompositionsgesetze"/><SP WIDTH="31" VPOS="1094" HPOS="1107"/><String WC="0.8859999776" CONTENT="hatte" HEIGHT="29" WIDTH="91" VPOS="1094" HPOS="1139"/><SP WIDTH="28" VPOS="1095" HPOS="1231"/><String WC="0.8700000048" CONTENT="besinnen" HEIGHT="29" WIDTH="152" VPOS="1094" HPOS="1260"/><SP WIDTH="28" VPOS="1104" HPOS="1413"/><String WC="0.6100000143" CONTENT="und" HEIGHT="28" WIDTH="68" VPOS="1096" HPOS="1442"/><SP WIDTH="27" VPOS="1097" HPOS="1511"/><String WC="1." CONTENT="den" HEIGHT="29" WIDTH="61" VPOS="1096" HPOS="1539"/><SP WIDTH="27" VPOS="1105" HPOS="1601"/><String WC="1." CONTENT="es" HEIGHT="20" WIDTH="34" VPOS="1105" HPOS="1629"/><SP WIDTH="27" VPOS="1097" HPOS="1664"/><String WC="0.8659999967" CONTENT="daher" HEIGHT="28" WIDTH="98" VPOS="1098" HPOS="1692"/><SP WIDTH="27" VPOS="1107" HPOS="1791"/><String WC="0.9122222066" CONTENT="sozusagen" HEIGHT="30" WIDTH="173" VPOS="1107" HPOS="1819"/><SP WIDTH="27" VPOS="1100" HPOS="1993"/><String WC="0.8600000143" CONTENT="hat" HEIGHT="29" WIDTH="56" VPOS="1100" HPOS="2021"/><SP WIDTH="29" VPOS="1103" HPOS="2078"/><String WC="0.8774999976" CONTENT="über" HEIGHT="28" WIDTH="78" VPOS="1102" HPOS="2108" SUBS_TYPE="HypPart1" SUBS_CONTENT="überwinden"/><HYP CONTENT="­"/></TextLine>
<TextLine HEIGHT="48" WIDTH="1371" VPOS="1136" HPOS="827"><String WC="0.9433333278" CONTENT="winden" HEIGHT="29" WIDTH="125" VPOS="1136" HPOS="827" SUBS_TYPE="HypPart2" SUBS_CONTENT="überwinden"/><SP WIDTH="10" VPOS="1146" HPOS="953"/><String WC="0.8342857361" CONTENT="müssen," HEIGHT="35" WIDTH="138" VPOS="1136" HPOS="964"/><SP WIDTH="10" VPOS="1147" HPOS="1103"/><String WC="1." CONTENT="seit" HEIGHT="27" WIDTH="59" VPOS="1138" HPOS="1114"/><SP WIDTH="11" VPOS="1137" HPOS="1174"/><String WC="1." CONTENT="der" HEIGHT="29" WIDTH="55" VPOS="1137" HPOS="1186"/><SP WIDTH="10" VPOS="1138" HPOS="1242"/><String WC="0.8666666746" CONTENT="Hochrenaissance" HEIGHT="30" WIDTH="292" VPOS="1138" HPOS="1253"/><SP WIDTH="17" VPOS="1149" HPOS="1546"/><String WC="0.6266666651" CONTENT="nur" HEIGHT="18" WIDTH="59" VPOS="1149" HPOS="1564"/><SP WIDTH="16" VPOS="1140" HPOS="1624"/><String WC="1." CONTENT="in" HEIGHT="28" WIDTH="33" VPOS="1140" HPOS="1641"/><SP WIDTH="15" VPOS="1150" HPOS="1675"/><String WC="0.9300000072" CONTENT="relativ" HEIGHT="28" WIDTH="115" VPOS="1141" HPOS="1691"/><SP WIDTH="9" VPOS="1151" HPOS="1807"/><String WC="0.9200000167" CONTENT="wenigen" HEIGHT="39" WIDTH="140" VPOS="1141" HPOS="1817"/><SP WIDTH="10" VPOS="1143" HPOS="1958"/><String WC="0.7766666412" CONTENT="Fällen" HEIGHT="28" WIDTH="108" VPOS="1143" HPOS="1969"/><SP WIDTH="12" VPOS="1143" HPOS="2078"/><String WC="1." CONTENT="(S." HEIGHT="39" WIDTH="43" VPOS="1144" HPOS="2091"/><SP WIDTH="11" VPOS="1155" HPOS="2135"/><String WC="0.7966666818" CONTENT="33)" HEIGHT="37" WIDTH="51" VPOS="1147" HPOS="2147"/></TextLine>
<TextLine HEIGHT="42" WIDTH="1374" VPOS="1179" HPOS="827"><String WC="1." CONTENT="sich" HEIGHT="28" WIDTH="66" VPOS="1180" HPOS="827"/><SP WIDTH="13" VPOS="1180" HPOS="894"/><String WC="1." CONTENT="in" HEIGHT="28" WIDTH="32" VPOS="1179" HPOS="908"/><SP WIDTH="15" VPOS="1180" HPOS="941"/><String WC="0.8899999857" CONTENT="Bildern" HEIGHT="29" WIDTH="153" VPOS="1179" HPOS="957"/><SP WIDTH="12" VPOS="1181" HPOS="1111"/><String WC="0.9766666889" CONTENT="hat" HEIGHT="27" WIDTH="57" VPOS="1181" HPOS="1124"/><SP WIDTH="14" VPOS="1181" HPOS="1182"/><String WC="0.9766666889" CONTENT="halten" HEIGHT="28" WIDTH="110" VPOS="1181" HPOS="1197"/><SP WIDTH="13" VPOS="1182" HPOS="1308"/><String WC="0.9714285731" CONTENT="können;" HEIGHT="34" WIDTH="141" VPOS="1182" HPOS="1322"/><SP WIDTH="15" VPOS="1192" HPOS="1464"/><String WC="0.9800000191" CONTENT="um" HEIGHT="18" WIDTH="56" VPOS="1193" HPOS="1480"/><SP WIDTH="13" VPOS="1192" HPOS="1537"/><String WC="1." CONTENT="so" HEIGHT="20" WIDTH="34" VPOS="1192" HPOS="1551"/><SP WIDTH="13" VPOS="1192" HPOS="1586"/><String WC="1." CONTENT="mehr" HEIGHT="29" WIDTH="89" VPOS="1183" HPOS="1600"/><SP WIDTH="13" VPOS="1193" HPOS="1690"/><String WC="0.8149999976" CONTENT="aber" HEIGHT="27" WIDTH="76" VPOS="1185" HPOS="1704"/><SP WIDTH="12" VPOS="1185" HPOS="1781"/><String WC="0.8960000277" CONTENT="blieb" HEIGHT="28" WIDTH="85" VPOS="1185" HPOS="1794"/><SP WIDTH="12" VPOS="1185" HPOS="1880"/><String WC="0.8700000048" CONTENT="er" HEIGHT="20" WIDTH="33" VPOS="1195" HPOS="1893"/><SP WIDTH="11" VPOS="1187" HPOS="1927"/><String WC="1." CONTENT="in" HEIGHT="27" WIDTH="34" VPOS="1187" HPOS="1939"/><SP WIDTH="13" VPOS="1187" HPOS="1974"/><String WC="1." CONTENT="der" HEIGHT="28" WIDTH="55" VPOS="1187" HPOS="1988"/><SP WIDTH="13" VPOS="1188" HPOS="2044"/><String WC="0.9562500119" CONTENT="Illustra" HEIGHT="30" WIDTH="129" VPOS="1188" HPOS="2058" SUBS_TYPE="HypPart1" SUBS_CONTENT="Illustration"/><HYP CONTENT="­"/></TextLine>
<TextLine HEIGHT="48" WIDTH="1376" VPOS="1222" HPOS="825"><String WC="0.9549999833" CONTENT="tion" HEIGHT="29" WIDTH="70" VPOS="1223" HPOS="825" SUBS_TYPE="HypPart2" SUBS_CONTENT="Illustration"/><SP WIDTH="15" VPOS="1223" HPOS="895"/><String WC="0.8999999762" CONTENT="beliebt," HEIGHT="34" WIDTH="129" VPOS="1223" HPOS="910"/><SP WIDTH="17" VPOS="1224" HPOS="1039"/><String WC="0.9200000167" CONTENT="deren" HEIGHT="28" WIDTH="96" VPOS="1224" HPOS="1056"/><SP WIDTH="15" VPOS="1233" HPOS="1152"/><String WC="0.9485714436" CONTENT="anderen" HEIGHT="29" WIDTH="140" VPOS="1224" HPOS="1167"/><SP WIDTH="15" VPOS="1225" HPOS="1307"/><String WC="0.8585714102" CONTENT="Erfordernissen" HEIGHT="30" WIDTH="258" VPOS="1225" HPOS="1322"/><SP WIDTH="15" VPOS="1236" HPOS="1580"/><String WC="1." CONTENT="er" HEIGHT="19" WIDTH="34" VPOS="1236" HPOS="1595"/><SP WIDTH="14" VPOS="1236" HPOS="1629"/><String WC="0.8399999738" CONTENT="nach" HEIGHT="30" WIDTH="83" VPOS="1227" HPOS="1643"/><SP WIDTH="15" VPOS="1229" HPOS="1726"/><String WC="0.6833333373" CONTENT="wie" HEIGHT="27" WIDTH="59" VPOS="1229" HPOS="1741"/><SP WIDTH="14" VPOS="1238" HPOS="1800"/><String WC="0.9966666698" CONTENT="vor" HEIGHT="18" WIDTH="59" VPOS="1238" HPOS="1814"/><SP WIDTH="14" VPOS="1238" HPOS="1873"/><String WC="0.8212500215" CONTENT="genügte:" HEIGHT="37" WIDTH="150" VPOS="1231" HPOS="1887"/><SP WIDTH="16" VPOS="1231" HPOS="2037"/><String WC="0.8650000095" CONTENT="hier" HEIGHT="30" WIDTH="68" VPOS="1231" HPOS="2053"/><SP WIDTH="14" VPOS="1242" HPOS="2121"/><String WC="0.8933333158" CONTENT="war" HEIGHT="20" WIDTH="66" VPOS="1242" HPOS="2135"/></TextLine>
<TextLine HEIGHT="46" WIDTH="1133" VPOS="1266" HPOS="826"><String WC="1." CONTENT="das" HEIGHT="29" WIDTH="57" VPOS="1267" HPOS="826"/><SP WIDTH="14" VPOS="1266" HPOS="884"/><String WC="0.9029629827" CONTENT="Einseitig-Richtunggebundene" HEIGHT="40" WIDTH="517" VPOS="1266" HPOS="899"/><SP WIDTH="13" VPOS="1269" HPOS="1417"/><String WC="0.7850000262" CONTENT="ja" HEIGHT="40" WIDTH="33" VPOS="1269" HPOS="1431"/><SP WIDTH="13" VPOS="1280" HPOS="1465"/><String WC="1." CONTENT="gestattet," HEIGHT="36" WIDTH="165" VPOS="1272" HPOS="1479"/><SP WIDTH="14" VPOS="1280" HPOS="1645"/><String WC="0.9616666436" CONTENT="selbst" HEIGHT="30" WIDTH="97" VPOS="1271" HPOS="1660"/><SP WIDTH="13" VPOS="1275" HPOS="1758"/><String WC="0.7630000114" CONTENT="erwünscht." HEIGHT="30" WIDTH="187" VPOS="1272" HPOS="1772"/></TextLine>
<TextLine HEIGHT="48" WIDTH="1295" VPOS="1310" HPOS="905"><String WC="0.925999999" CONTENT="Zudem" HEIGHT="29" WIDTH="122" VPOS="1310" HPOS="905"/><SP WIDTH="12" VPOS="1320" HPOS="1028"/><String WC="0.9933333397" CONTENT="ordnen" HEIGHT="29" WIDTH="119" VPOS="1311" HPOS="1041"/><SP WIDTH="12" VPOS="1321" HPOS="1161"/><String WC="1." CONTENT="sich" HEIGHT="29" WIDTH="66" VPOS="1312" HPOS="1174"/><SP WIDTH="13" VPOS="1313" HPOS="1241"/><String WC="0.9733333588" CONTENT="die" HEIGHT="28" WIDTH="50" VPOS="1313" HPOS="1255"/><SP WIDTH="13" VPOS="1323" HPOS="1306"/><String WC="0.9919999838" CONTENT="nicht" HEIGHT="28" WIDTH="88" VPOS="1313" HPOS="1320"/><SP WIDTH="13" VPOS="1316" HPOS="1409"/><String WC="0.9163636565" CONTENT="zahlreichen" HEIGHT="31" WIDTH="198" VPOS="1313" HPOS="1423"/><SP WIDTH="15" VPOS="1314" HPOS="1622"/><String WC="0.8824999928" CONTENT="Gemälde," HEIGHT="36" WIDTH="162" VPOS="1314" HPOS="1638"/><SP WIDTH="12" VPOS="1317" HPOS="1801"/><String WC="0.7749999762" CONTENT="in" HEIGHT="27" WIDTH="33" VPOS="1317" HPOS="1814"/><SP WIDTH="13" VPOS="1316" HPOS="1848"/><String WC="1." CONTENT="denen" HEIGHT="30" WIDTH="101" VPOS="1316" HPOS="1862"/><SP WIDTH="12" VPOS="1319" HPOS="1964"/><String WC="0.9283333421" CONTENT="dieser" HEIGHT="29" WIDTH="100" VPOS="1318" HPOS="1977"/><SP WIDTH="12" VPOS="1320" HPOS="2078"/><String WC="0.8759999871" CONTENT="Typus" HEIGHT="38" WIDTH="109" VPOS="1320" HPOS="2091"/></TextLine>
<TextLine HEIGHT="48" WIDTH="1373" VPOS="1353" HPOS="826"><String WC="0.9714285731" CONTENT="beliebt" HEIGHT="30" WIDTH="116" VPOS="1353" HPOS="826"/><SP WIDTH="15" VPOS="1354" HPOS="943"/><String WC="0.8657143116" CONTENT="bleibt," HEIGHT="35" WIDTH="109" VPOS="1354" HPOS="959"/><SP WIDTH="16" VPOS="1365" HPOS="1069"/><String WC="1." CONTENT="meistens" HEIGHT="30" WIDTH="150" VPOS="1356" HPOS="1086"/><SP WIDTH="12" VPOS="1357" HPOS="1237"/><String WC="0.9225000143" CONTENT="insofern" HEIGHT="29" WIDTH="139" VPOS="1357" HPOS="1250"/><SP WIDTH="14" VPOS="1367" HPOS="1390"/><String WC="0.9219999909" CONTENT="einer" HEIGHT="29" WIDTH="86" VPOS="1358" HPOS="1405"/><SP WIDTH="13" VPOS="1359" HPOS="1492"/><String WC="1." CONTENT="der" HEIGHT="29" WIDTH="54" VPOS="1358" HPOS="1506"/><SP WIDTH="9" VPOS="1359" HPOS="1561"/><String WC="0.8799999952" CONTENT="Illustration" HEIGHT="31" WIDTH="197" VPOS="1358" HPOS="1571"/><SP WIDTH="13" VPOS="1370" HPOS="1769"/><String WC="0.9269999862" CONTENT="verwandten" HEIGHT="30" WIDTH="204" VPOS="1361" HPOS="1783"/><SP WIDTH="16" VPOS="1363" HPOS="1988"/><String WC="0.7833333611" CONTENT="Sphäre" HEIGHT="38" WIDTH="118" VPOS="1363" HPOS="2005"/><SP WIDTH="14" VPOS="1374" HPOS="2124"/><String WC="0.9449999928" CONTENT="ein," HEIGHT="35" WIDTH="60" VPOS="1364" HPOS="2139"/></TextLine>
<TextLine HEIGHT="47" WIDTH="1374" VPOS="1398" HPOS="825"><String WC="0.9200000167" CONTENT="als" HEIGHT="29" WIDTH="47" VPOS="1398" HPOS="825"/><SP WIDTH="11" VPOS="1407" HPOS="873"/><String WC="0.9366666675" CONTENT="sie" HEIGHT="28" WIDTH="44" VPOS="1398" HPOS="885"/><SP WIDTH="11" VPOS="1407" HPOS="930"/><String WC="1." CONTENT="zu" HEIGHT="19" WIDTH="40" VPOS="1408" HPOS="942"/><SP WIDTH="10" VPOS="1399" HPOS="983"/><String WC="0.9733333588" CONTENT="Zyklen" HEIGHT="37" WIDTH="142" VPOS="1399" HPOS="994"/><SP WIDTH="10" VPOS="1409" HPOS="1137"/><String WC="0.8887500167" CONTENT="gehören," HEIGHT="38" WIDTH="148" VPOS="1400" HPOS="1148"/><SP WIDTH="13" VPOS="1401" HPOS="1297"/><String WC="0.9380000234" CONTENT="deren" HEIGHT="29" WIDTH="95" VPOS="1401" HPOS="1311"/><SP WIDTH="12" VPOS="1402" HPOS="1407"/><String WC="0.925999999" CONTENT="Teile" HEIGHT="31" WIDTH="85" VPOS="1401" HPOS="1420"/><SP WIDTH="10" VPOS="1403" HPOS="1506"/><String WC="0.7850000262" CONTENT="ja" HEIGHT="38" WIDTH="34" VPOS="1403" HPOS="1517"/><SP WIDTH="10" VPOS="1412" HPOS="1552"/><String WC="0.7722222209" CONTENT="ebenfalls" HEIGHT="29" WIDTH="153" VPOS="1403" HPOS="1563"/><SP WIDTH="10" VPOS="1403" HPOS="1717"/><String WC="0.7900000215" CONTENT="in" HEIGHT="28" WIDTH="33" VPOS="1404" HPOS="1728"/><SP WIDTH="11" VPOS="1414" HPOS="1762"/><String WC="0.8237500191" CONTENT="gewissem" HEIGHT="38" WIDTH="161" VPOS="1405" HPOS="1774"/><SP WIDTH="15" VPOS="1405" HPOS="1936"/><String WC="0.9480000138" CONTENT="Sinne" HEIGHT="30" WIDTH="94" VPOS="1405" HPOS="1952"/><SP WIDTH="11" VPOS="1408" HPOS="2047"/><String WC="0.9125000238" CONTENT="über" HEIGHT="30" WIDTH="77" VPOS="1407" HPOS="2059"/><SP WIDTH="12" VPOS="1409" HPOS="2137"/><String WC="0.8500000238" CONTENT="die" HEIGHT="28" WIDTH="49" VPOS="1409" HPOS="2150"/></TextLine>
<TextLine HEIGHT="48" WIDTH="1373" VPOS="1441" HPOS="827"><String WC="0.9685714245" CONTENT="Grenzen" HEIGHT="30" WIDTH="143" VPOS="1441" HPOS="827"/><SP WIDTH="12" VPOS="1443" HPOS="970"/><String WC="0.9499999881" CONTENT="der" HEIGHT="27" WIDTH="55" VPOS="1444" HPOS="982"/><SP WIDTH="11" VPOS="1443" HPOS="1037"/><String WC="0.7918182015" CONTENT="Darstellung" HEIGHT="40" WIDTH="206" VPOS="1443" HPOS="1048"/><SP WIDTH="10" VPOS="1455" HPOS="1254"/><String WC="1." CONTENT="selbst" HEIGHT="28" WIDTH="98" VPOS="1445" HPOS="1264"/><SP WIDTH="11" VPOS="1446" HPOS="1362"/><String WC="0.8576923013" CONTENT="hinausweisend" HEIGHT="31" WIDTH="255" VPOS="1445" HPOS="1373"/><SP WIDTH="9" VPOS="1447" HPOS="1628"/><String WC="0.9842857122" CONTENT="gedacht" HEIGHT="40" WIDTH="137" VPOS="1446" HPOS="1637"/><SP WIDTH="11" VPOS="1451" HPOS="1774"/><String WC="0.8675000072" CONTENT="sind" HEIGHT="28" WIDTH="72" VPOS="1449" HPOS="1785"/><SP WIDTH="11" VPOS="1449" HPOS="1857"/><String WC="0.9166666865" CONTENT="und" HEIGHT="30" WIDTH="67" VPOS="1448" HPOS="1868"/><SP WIDTH="11" VPOS="1449" HPOS="1935"/><String WC="1." CONTENT="so" HEIGHT="19" WIDTH="35" VPOS="1459" HPOS="1946"/><SP WIDTH="11" VPOS="1459" HPOS="1981"/><String WC="0.8824999928" CONTENT="auch" HEIGHT="28" WIDTH="81" VPOS="1451" HPOS="1992"/><SP WIDTH="12" VPOS="1452" HPOS="2073"/><String WC="0.9016666412" CONTENT="formal" HEIGHT="29" WIDTH="115" VPOS="1452" HPOS="2085"/></TextLine>
<TextLine HEIGHT="49" WIDTH="1375" VPOS="1485" HPOS="824"><String WC="0.773999989" CONTENT="nicht" HEIGHT="29" WIDTH="88" VPOS="1485" HPOS="824"/><SP WIDTH="14" VPOS="1488" HPOS="913"/><String WC="1." CONTENT="stets" HEIGHT="27" WIDTH="80" VPOS="1488" HPOS="928"/><SP WIDTH="14" VPOS="1487" HPOS="1009"/><String WC="0.8700000048" CONTENT="die" HEIGHT="28" WIDTH="49" VPOS="1487" HPOS="1024"/><SP WIDTH="13" VPOS="1488" HPOS="1074"/><String WC="1." CONTENT="feste" HEIGHT="28" WIDTH="80" VPOS="1488" HPOS="1088"/><SP WIDTH="11" VPOS="1487" HPOS="1169"/><String WC="0.9900000095" CONTENT="Geschlossenheit" HEIGHT="32" WIDTH="271" VPOS="1487" HPOS="1181"/><SP WIDTH="14" VPOS="1493" HPOS="1453"/><String WC="1." CONTENT="einer" HEIGHT="30" WIDTH="85" VPOS="1490" HPOS="1468"/><SP WIDTH="8" VPOS="1491" HPOS="1554"/><String WC="0.9394117594" CONTENT="Einzelkomposition" HEIGHT="41" WIDTH="323" VPOS="1490" HPOS="1563"/><SP WIDTH="14" VPOS="1503" HPOS="1887"/><String WC="0.7666666508" CONTENT="erstreben*);" HEIGHT="39" WIDTH="204" VPOS="1494" HPOS="1902"/><SP WIDTH="16" VPOS="1504" HPOS="2107"/><String WC="0.9900000095" CONTENT="oder" HEIGHT="28" WIDTH="75" VPOS="1497" HPOS="2124"/></TextLine>
<TextLine HEIGHT="45" WIDTH="1185" VPOS="1530" HPOS="824"><String WC="1." CONTENT="aber" HEIGHT="28" WIDTH="76" VPOS="1530" HPOS="824"/><SP WIDTH="16" VPOS="1539" HPOS="901"/><String WC="1." CONTENT="es" HEIGHT="19" WIDTH="32" VPOS="1539" HPOS="918"/><SP WIDTH="15" VPOS="1530" HPOS="951"/><String WC="0.9157142639" CONTENT="handelt" HEIGHT="29" WIDTH="132" VPOS="1530" HPOS="967"/><SP WIDTH="16" VPOS="1533" HPOS="1100"/><String WC="1." CONTENT="sich" HEIGHT="29" WIDTH="66" VPOS="1531" HPOS="1117"/><SP WIDTH="17" VPOS="1532" HPOS="1184"/><String WC="1." CONTENT="um" HEIGHT="20" WIDTH="55" VPOS="1541" HPOS="1202"/><SP WIDTH="15" VPOS="1542" HPOS="1258"/><String WC="0.8554545641" CONTENT="anderweitig" HEIGHT="40" WIDTH="205" VPOS="1533" HPOS="1274"/><SP WIDTH="16" VPOS="1536" HPOS="1480"/><String WC="1." CONTENT="dekorativ" HEIGHT="30" WIDTH="167" VPOS="1535" HPOS="1497"/><SP WIDTH="15" VPOS="1545" HPOS="1665"/><String WC="0.9211111069" CONTENT="gebundene" HEIGHT="38" WIDTH="187" VPOS="1536" HPOS="1681"/><SP WIDTH="16" VPOS="1536" HPOS="1869"/><String WC="1." CONTENT="Werke." HEIGHT="29" WIDTH="123" VPOS="1537" HPOS="1886"/></TextLine>
<TextLine HEIGHT="48" WIDTH="1293" VPOS="1573" HPOS="904"><String WC="1." CONTENT="Teile" HEIGHT="32" WIDTH="84" VPOS="1573" HPOS="904"/><SP WIDTH="11" VPOS="1586" HPOS="989"/><String WC="0.9679999948" CONTENT="einer" HEIGHT="30" WIDTH="85" VPOS="1574" HPOS="1001"/><SP WIDTH="12" VPOS="1575" HPOS="1087"/><String WC="0.9131249785" CONTENT="Deckendekoration" HEIGHT="32" WIDTH="316" VPOS="1575" HPOS="1100"/><SP WIDTH="13" VPOS="1589" HPOS="1417"/><String WC="0.8633333445" CONTENT="und" HEIGHT="29" WIDTH="66" VPOS="1579" HPOS="1431"/><SP WIDTH="13" VPOS="1579" HPOS="1498"/><String WC="0.9060000181" CONTENT="darin" HEIGHT="29" WIDTH="91" VPOS="1579" HPOS="1512"/><SP WIDTH="11" VPOS="1591" HPOS="1604"/><String WC="1." CONTENT="eines" HEIGHT="31" WIDTH="85" VPOS="1579" HPOS="1616"/><SP WIDTH="11" VPOS="1580" HPOS="1702"/><String WC="0.9200000167" CONTENT="Zyklus" HEIGHT="38" WIDTH="119" VPOS="1580" HPOS="1714"/><SP WIDTH="12" VPOS="1581" HPOS="1834"/><String WC="0.8066666722" CONTENT="bilden" HEIGHT="30" WIDTH="106" VPOS="1580" HPOS="1847"/><SP WIDTH="13" VPOS="1582" HPOS="1954"/><String WC="0.8566666842" CONTENT="die" HEIGHT="30" WIDTH="50" VPOS="1581" HPOS="1968"/><SP WIDTH="12" VPOS="1593" HPOS="2019"/><String WC="0.8899999857" CONTENT="einfachen" HEIGHT="31" WIDTH="165" VPOS="1582" HPOS="2032"/></TextLine>
<TextLine HEIGHT="48" WIDTH="1371" VPOS="1618" HPOS="827"><String WC="0.9966666698" CONTENT="Szenen" HEIGHT="29" WIDTH="121" VPOS="1618" HPOS="827"/><SP WIDTH="11" VPOS="1628" HPOS="949"/><String WC="0.8000000119" CONTENT="von" HEIGHT="20" WIDTH="63" VPOS="1628" HPOS="961"/><SP WIDTH="13" VPOS="1620" HPOS="1025"/><String WC="0.6999999881" CONTENT="Peruzzi" HEIGHT="29" WIDTH="153" VPOS="1620" HPOS="1039"/><SP WIDTH="11" VPOS="1621" HPOS="1193"/><String WC="1." CONTENT="in" HEIGHT="28" WIDTH="33" VPOS="1622" HPOS="1205"/><SP WIDTH="12" VPOS="1623" HPOS="1239"/><String WC="0.9599999785" CONTENT="der" HEIGHT="28" WIDTH="55" VPOS="1623" HPOS="1252"/><SP WIDTH="13" VPOS="1623" HPOS="1308"/><String WC="0.7083333135" CONTENT="Loggia" HEIGHT="39" WIDTH="118" VPOS="1623" HPOS="1322"/><SP WIDTH="12" VPOS="1624" HPOS="1441"/><String WC="1." CONTENT="des" HEIGHT="28" WIDTH="55" VPOS="1624" HPOS="1454"/><SP WIDTH="11" VPOS="1625" HPOS="1510"/><String WC="1." CONTENT="Castello" HEIGHT="29" WIDTH="135" VPOS="1625" HPOS="1522"/><SP WIDTH="11" VPOS="1626" HPOS="1658"/><String WC="1." CONTENT="di" HEIGHT="28" WIDTH="32" VPOS="1625" HPOS="1670"/><SP WIDTH="11" VPOS="1625" HPOS="1703"/><String WC="0.8642857075" CONTENT="Belcaro" HEIGHT="28" WIDTH="131" VPOS="1626" HPOS="1715"/><SP WIDTH="13" VPOS="1625" HPOS="1847"/><String WC="0.8066666722" CONTENT="(1536)" HEIGHT="38" WIDTH="101" VPOS="1625" HPOS="1861"/><String STYLE="superscript" WC="1." CONTENT="1"/><SP/><String STYLE="superscript" WC="0.2800000012" CONTENT="2" HEIGHT="17" WIDTH="12" VPOS="1625" HPOS="1971"/><String WC="0.8849999905" CONTENT=")," HEIGHT="37" WIDTH="21" VPOS="1626" HPOS="1984"/><SP WIDTH="12" VPOS="1637" HPOS="2006"/><String WC="1." CONTENT="von" HEIGHT="18" WIDTH="63" VPOS="1637" HPOS="2019"/><SP WIDTH="11" VPOS="1637" HPOS="2083"/><String WC="1." CONTENT="einem" HEIGHT="29" WIDTH="103" VPOS="1628" HPOS="2095"/></TextLine>
<TextLine HEIGHT="46" WIDTH="1374" VPOS="1663" HPOS="822"><String WC="0.8566666842" CONTENT="Italiener" HEIGHT="28" WIDTH="152" VPOS="1663" HPOS="822"/><SP WIDTH="19" VPOS="1663" HPOS="975"/><String WC="1." CONTENT="im" HEIGHT="28" WIDTH="46" VPOS="1664" HPOS="994"/><SP WIDTH="17" VPOS="1665" HPOS="1040"/><String WC="0.9441666603" CONTENT="Apollozimmer" HEIGHT="38" WIDTH="246" VPOS="1665" HPOS="1057"/><SP WIDTH="22" VPOS="1667" HPOS="1303"/><String WC="1." CONTENT="der" HEIGHT="28" WIDTH="56" VPOS="1667" HPOS="1325"/><SP WIDTH="21" VPOS="1668" HPOS="1381"/><String WC="0.9049999714" CONTENT="Residenz" HEIGHT="30" WIDTH="158" VPOS="1667" HPOS="1402"/><SP WIDTH="19" VPOS="1669" HPOS="1560"/><String WC="0.9449999928" CONTENT="in" HEIGHT="27" WIDTH="33" VPOS="1669" HPOS="1579"/><SP WIDTH="21" VPOS="1669" HPOS="1612"/><String WC="0.9075000286" CONTENT="Landshut" HEIGHT="29" WIDTH="167" VPOS="1668" HPOS="1633"/><String STYLE="superscript" WC="0.3000000119" CONTENT="3" HEIGHT="17" WIDTH="12" VPOS="1668" HPOS="1808"/><String WC="1." CONTENT=")," HEIGHT="37" WIDTH="22" VPOS="1669" HPOS="1821"/><SP WIDTH="21" VPOS="1678" HPOS="1843"/><String WC="0.6700000167" CONTENT="von" HEIGHT="20" WIDTH="64" VPOS="1678" HPOS="1864"/><SP WIDTH="21" VPOS="1670" HPOS="1928"/><String WC="1." CONTENT="F." HEIGHT="28" WIDTH="35" VPOS="1670" HPOS="1949"/><SP WIDTH="16" VPOS="1670" HPOS="1984"/><String WC="0.9271428585" CONTENT="Sustris" HEIGHT="31" WIDTH="143" VPOS="1670" HPOS="2000"/><SP WIDTH="19" VPOS="1673" HPOS="2143"/><String WC="0.7749999762" CONTENT="in" HEIGHT="27" WIDTH="34" VPOS="1673" HPOS="2162"/></TextLine>
<TextLine HEIGHT="46" WIDTH="1372" VPOS="1707" HPOS="823"><String WC="1." CONTENT="der" HEIGHT="28" WIDTH="55" VPOS="1707" HPOS="823"/><SP WIDTH="14" VPOS="1716" HPOS="879"/><String WC="0.9200000167" CONTENT="westlichen" HEIGHT="29" WIDTH="181" VPOS="1707" HPOS="894"/><SP WIDTH="17" VPOS="1709" HPOS="1076"/><String WC="0.9283333421" CONTENT="Grottenhalle" HEIGHT="30" WIDTH="218" VPOS="1709" HPOS="1094"/><SP WIDTH="16" VPOS="1711" HPOS="1313"/><String WC="1." CONTENT="der" HEIGHT="28" WIDTH="55" VPOS="1711" HPOS="1330"/><SP WIDTH="15" VPOS="1711" HPOS="1386"/><String WC="0.9811111093" CONTENT="Münchener" HEIGHT="29" WIDTH="192" VPOS="1711" HPOS="1402"/><SP WIDTH="16" VPOS="1713" HPOS="1595"/><String WC="0.8700000048" CONTENT="Residenz" HEIGHT="29" WIDTH="155" VPOS="1712" HPOS="1612"/><String STYLE="superscript" WC="0.2399999946" CONTENT="4" HEIGHT="16" WIDTH="13" VPOS="1713" HPOS="1774"/><String WC="0.5249999762" CONTENT=")," HEIGHT="37" WIDTH="22" VPOS="1713" HPOS="1787"/><SP WIDTH="16" VPOS="1723" HPOS="1810"/><String WC="1." CONTENT="von" HEIGHT="20" WIDTH="63" VPOS="1722" HPOS="1827"/><SP WIDTH="17" VPOS="1714" HPOS="1891"/><String WC="1." CONTENT="Pietro" HEIGHT="28" WIDTH="126" VPOS="1714" HPOS="1909"/><SP WIDTH="15" VPOS="1715" HPOS="2036"/><String WC="1." CONTENT="da" HEIGHT="28" WIDTH="41" VPOS="1715" HPOS="2052"/><SP WIDTH="15" VPOS="1716" HPOS="2094"/><String WC="0.9574999809" CONTENT="Cor-" HEIGHT="28" WIDTH="85" VPOS="1717" HPOS="2110"/></TextLine>
</TextBlock>
<TextBlock ID="Page1_Block3" HEIGHT="430" WIDTH="1386" VPOS="1779" HPOS="814" language="de"><Shape><Polygon POINTS="826,1786 2209,1786 2209,2211 826,2211 826,1786"/></Shape>
<TextLine HEIGHT="36" WIDTH="936" VPOS="1786" HPOS="905"><String WC="0.4850000143" CONTENT="1)" HEIGHT="30" WIDTH="23" VPOS="1786" HPOS="905"/><SP WIDTH="15" VPOS="1786" HPOS="929"/><String WC="1." CONTENT="S." HEIGHT="23" WIDTH="26" VPOS="1786" HPOS="945"/><SP WIDTH="16" VPOS="1786" HPOS="972"/><String WC="0.6083333492" CONTENT="jedoch" HEIGHT="31" WIDTH="99" VPOS="1787" HPOS="989"/><SP WIDTH="15" VPOS="1788" HPOS="1089"/><String WC="0.4650000036" CONTENT="oben" HEIGHT="23" WIDTH="71" VPOS="1788" HPOS="1105"/><SP WIDTH="17" VPOS="1789" HPOS="1177"/><String WC="1." CONTENT="S." HEIGHT="23" WIDTH="26" VPOS="1789" HPOS="1195"/><SP WIDTH="12" VPOS="1796" HPOS="1222"/><String WC="0.6750000119" CONTENT="33" HEIGHT="22" WIDTH="32" VPOS="1796" HPOS="1235"/><SP WIDTH="15" VPOS="1792" HPOS="1268"/><String WC="0.8974999785" CONTENT="über" HEIGHT="22" WIDTH="68" VPOS="1790" HPOS="1284"/><SP WIDTH="15" VPOS="1790" HPOS="1353"/><String WC="0.8000000119" CONTENT="das" HEIGHT="22" WIDTH="49" VPOS="1790" HPOS="1369"/><SP WIDTH="15" VPOS="1790" HPOS="1419"/><String WC="0.777777791" CONTENT="Modeneser" HEIGHT="23" WIDTH="160" VPOS="1791" HPOS="1435"/><SP WIDTH="15" VPOS="1792" HPOS="1596"/><String WC="0.6150000095" CONTENT="Bild" HEIGHT="24" WIDTH="63" VPOS="1791" HPOS="1612"/><SP WIDTH="17" VPOS="1792" HPOS="1676"/><String WC="0.9079999924" CONTENT="(Abb." HEIGHT="30" WIDTH="80" VPOS="1792" HPOS="1694"/><SP WIDTH="12" VPOS="1799" HPOS="1775"/><String WC="0.8149999976" CONTENT="39)." HEIGHT="30" WIDTH="53" VPOS="1792" HPOS="1788"/></TextLine>
<TextLine HEIGHT="40" WIDTH="1292" VPOS="1821" HPOS="903"><String WC="0.6700000167" CONTENT="2)" HEIGHT="30" WIDTH="25" VPOS="1821" HPOS="903"/><SP WIDTH="14" VPOS="1821" HPOS="929"/><String WC="0.8140000105" CONTENT="Phot." HEIGHT="23" WIDTH="80" VPOS="1822" HPOS="944"/><SP WIDTH="22" VPOS="1823" HPOS="1025"/><String WC="0.6999999881" CONTENT="Alinari" HEIGHT="23" WIDTH="105" VPOS="1823" HPOS="1048"/><SP WIDTH="22" VPOS="1823" HPOS="1154"/><String WC="0.6733333468" CONTENT="19210;" HEIGHT="22" WIDTH="99" VPOS="1830" HPOS="1177"/><SP WIDTH="22" VPOS="1832" HPOS="1277"/><String WC="0.6524999738" CONTENT="sehr" HEIGHT="23" WIDTH="62" VPOS="1825" HPOS="1300"/><SP WIDTH="19" VPOS="1832" HPOS="1363"/><String WC="0.7674999833" CONTENT="restauriert." HEIGHT="24" WIDTH="168" VPOS="1825" HPOS="1383"/><SP WIDTH="22" VPOS="1827" HPOS="1552"/><String WC="0.7475000024" CONTENT="Verwandt" HEIGHT="23" WIDTH="149" VPOS="1827" HPOS="1575"/><SP WIDTH="19" VPOS="1829" HPOS="1725"/><String WC="0.8149999976" CONTENT="eine" HEIGHT="23" WIDTH="61" VPOS="1827" HPOS="1745"/><SP WIDTH="20" VPOS="1829" HPOS="1807"/><String WC="0.69599998" CONTENT="Rundkomposition" HEIGHT="32" WIDTH="272" VPOS="1827" HPOS="1828"/><SP WIDTH="22" VPOS="1830" HPOS="2101"/><String WC="0.5619999766" CONTENT="Poli-" HEIGHT="24" WIDTH="71" VPOS="1830" HPOS="2124"/></TextLine>
<TextLine HEIGHT="39" WIDTH="1334" VPOS="1856" HPOS="823"><String WC="0.7580000162" CONTENT="doros" HEIGHT="23" WIDTH="81" VPOS="1856" HPOS="823"/><SP WIDTH="15" VPOS="1857" HPOS="905"/><String WC="1." CONTENT="da" HEIGHT="22" WIDTH="36" VPOS="1857" HPOS="921"/><SP WIDTH="15" VPOS="1857" HPOS="958"/><String WC="0.8245454431" CONTENT="Caravaggio," HEIGHT="31" WIDTH="176" VPOS="1857" HPOS="974"/><SP WIDTH="17" VPOS="1865" HPOS="1151"/><String WC="0.9044444561" CONTENT="gestochen" HEIGHT="30" WIDTH="149" VPOS="1859" HPOS="1169"/><SP WIDTH="17" VPOS="1867" HPOS="1319"/><String WC="0.5649999976" CONTENT="1590" HEIGHT="22" WIDTH="67" VPOS="1867" HPOS="1337"/><SP WIDTH="15" VPOS="1868" HPOS="1405"/><String WC="0.4499999881" CONTENT="von" HEIGHT="17" WIDTH="55" VPOS="1867" HPOS="1421"/><SP WIDTH="16" VPOS="1861" HPOS="1477"/><String WC="0.821111083" CONTENT="Cherubino" HEIGHT="23" WIDTH="155" VPOS="1861" HPOS="1494"/><SP WIDTH="15" VPOS="1862" HPOS="1650"/><String WC="0.821428597" CONTENT="Alberti" HEIGHT="23" WIDTH="107" VPOS="1862" HPOS="1666"/><SP WIDTH="14" VPOS="1862" HPOS="1774"/><String WC="0.8299999833" CONTENT="in" HEIGHT="22" WIDTH="29" VPOS="1863" HPOS="1789"/><SP WIDTH="15" VPOS="1863" HPOS="1819"/><String WC="0.7599999905" CONTENT="der" HEIGHT="23" WIDTH="48" VPOS="1863" HPOS="1835"/><SP WIDTH="15" VPOS="1864" HPOS="1884"/><String WC="0.7340000272" CONTENT="Folge" HEIGHT="29" WIDTH="83" VPOS="1864" HPOS="1900"/><SP WIDTH="15" VPOS="1864" HPOS="1984"/><String WC="0.6650000215" CONTENT="B." HEIGHT="22" WIDTH="32" VPOS="1864" HPOS="2000"/><SP WIDTH="11" VPOS="1871" HPOS="2033"/><String WC="0.698333323" CONTENT="78—88." HEIGHT="31" WIDTH="112" VPOS="1864" HPOS="2045"/></TextLine>
<TextLine HEIGHT="41" WIDTH="1292" VPOS="1891" HPOS="902"><String WC="0.474999994" CONTENT="3)" HEIGHT="30" WIDTH="26" VPOS="1891" HPOS="902"/><SP WIDTH="15" VPOS="1891" HPOS="928"/><String WC="0.6549999714" CONTENT="E." HEIGHT="23" WIDTH="31" VPOS="1892" HPOS="944"/><SP WIDTH="11" VPOS="1892" HPOS="976"/><String WC="0.8000000119" CONTENT="Bassermann-Jordan," HEIGHT="32" WIDTH="313" VPOS="1893" HPOS="987"/><SP WIDTH="17" VPOS="1896" HPOS="1300"/><String WC="0.7833333611" CONTENT="Die" HEIGHT="22" WIDTH="52" VPOS="1896" HPOS="1318"/><SP WIDTH="13" VPOS="1896" HPOS="1371"/><String WC="0.8809999824" CONTENT="dekorative" HEIGHT="23" WIDTH="162" VPOS="1896" HPOS="1385"/><SP WIDTH="13" VPOS="1896" HPOS="1548"/><String WC="0.9128571153" CONTENT="Malerei" HEIGHT="24" WIDTH="112" VPOS="1896" HPOS="1562"/><SP WIDTH="13" VPOS="1897" HPOS="1675"/><String WC="1." CONTENT="der" HEIGHT="22" WIDTH="48" VPOS="1898" HPOS="1689"/><SP WIDTH="14" VPOS="1898" HPOS="1738"/><String WC="0.8045454621" CONTENT="Renaissance" HEIGHT="24" WIDTH="186" VPOS="1898" HPOS="1752"/><SP WIDTH="14" VPOS="1907" HPOS="1938"/><String WC="1." CONTENT="am" HEIGHT="14" WIDTH="46" VPOS="1907" HPOS="1953"/><SP WIDTH="14" VPOS="1900" HPOS="1999"/><String WC="0.7736363411" CONTENT="bayerischen" HEIGHT="33" WIDTH="181" VPOS="1899" HPOS="2013"/></TextLine>
<TextLine HEIGHT="41" WIDTH="1370" VPOS="1926" HPOS="823"><String WC="0.7519999743" CONTENT="Hofe," HEIGHT="27" WIDTH="80" VPOS="1926" HPOS="823"/><SP WIDTH="15" VPOS="1927" HPOS="904"/><String WC="0.8142856956" CONTENT="München" HEIGHT="24" WIDTH="139" VPOS="1927" HPOS="920"/><SP WIDTH="15" VPOS="1936" HPOS="1060"/><String WC="0.7120000124" CONTENT="1900," HEIGHT="20" WIDTH="74" VPOS="1936" HPOS="1076"/><SP WIDTH="19" VPOS="1929" HPOS="1151"/><String WC="0.9250000119" CONTENT="S." HEIGHT="23" WIDTH="26" VPOS="1929" HPOS="1171"/><SP WIDTH="10" VPOS="1936" HPOS="1198"/><String WC="0.6660000086" CONTENT="27f.," HEIGHT="30" WIDTH="67" VPOS="1930" HPOS="1209"/><SP WIDTH="15" VPOS="1931" HPOS="1277"/><String WC="0.6725000143" CONTENT="Abb." HEIGHT="22" WIDTH="71" VPOS="1931" HPOS="1293"/><SP WIDTH="13" VPOS="1938" HPOS="1365"/><String WC="0.8366666436" CONTENT="19." HEIGHT="21" WIDTH="39" VPOS="1938" HPOS="1379"/><SP WIDTH="15" VPOS="1945" HPOS="1419"/><String WC="1." CONTENT="—" HEIGHT="2" WIDTH="35" VPOS="1946" HPOS="1435"/><SP WIDTH="15" VPOS="1932" HPOS="1471"/><String WC="0.9800000191" CONTENT="Ein" HEIGHT="22" WIDTH="54" VPOS="1932" HPOS="1487"/><SP WIDTH="13" VPOS="1938" HPOS="1542"/><String WC="0.7583333254" CONTENT="großer" HEIGHT="29" WIDTH="96" VPOS="1932" HPOS="1556"/><SP WIDTH="15" VPOS="1933" HPOS="1653"/><String WC="0.8091666698" CONTENT="Reliefzyklus" HEIGHT="31" WIDTH="186" VPOS="1932" HPOS="1669"/><SP WIDTH="14" VPOS="1940" HPOS="1856"/><String WC="0.8633333445" CONTENT="mit" HEIGHT="24" WIDTH="52" VPOS="1933" HPOS="1871"/><SP WIDTH="13" VPOS="1935" HPOS="1924"/><String WC="0.760769248" CONTENT="Metamorphosen" HEIGHT="31" WIDTH="242" VPOS="1935" HPOS="1938" SUBS_TYPE="HypPart1" SUBS_CONTENT="Metamorphosendarstellungen"/><HYP CONTENT="­"/></TextLine>
<TextLine HEIGHT="37" WIDTH="1371" VPOS="1962" HPOS="822"><String WC="0.6653845906" CONTENT="darstellungen" HEIGHT="31" WIDTH="205" VPOS="1962" HPOS="822" SUBS_TYPE="HypPart2" SUBS_CONTENT="Metamorphosendarstellungen"/><SP WIDTH="22" VPOS="1971" HPOS="1028"/><String WC="0.8633333445" CONTENT="aus" HEIGHT="15" WIDTH="49" VPOS="1971" HPOS="1051"/><SP WIDTH="22" VPOS="1971" HPOS="1101"/><String WC="0.9825000167" CONTENT="etwa" HEIGHT="21" WIDTH="71" VPOS="1966" HPOS="1124"/><SP WIDTH="17" VPOS="1972" HPOS="1196"/><String WC="0.8662499785" CONTENT="gleicher" HEIGHT="29" WIDTH="118" VPOS="1966" HPOS="1214"/><SP WIDTH="17" VPOS="1966" HPOS="1333"/><String WC="0.8249999881" CONTENT="Zeit" HEIGHT="22" WIDTH="60" VPOS="1966" HPOS="1351"/><SP WIDTH="16" VPOS="1967" HPOS="1412"/><String WC="0.6000000238" CONTENT="war" HEIGHT="15" WIDTH="57" VPOS="1974" HPOS="1429"/><SP WIDTH="17" VPOS="1974" HPOS="1487"/><String WC="0.7919999957" CONTENT="unter" HEIGHT="21" WIDTH="81" VPOS="1968" HPOS="1505"/><SP WIDTH="17" VPOS="1967" HPOS="1587"/><String WC="0.8066666722" CONTENT="den" HEIGHT="24" WIDTH="54" VPOS="1967" HPOS="1605"/><SP WIDTH="18" VPOS="1968" HPOS="1660"/><String WC="0.8399999738" CONTENT="Fenstern" HEIGHT="22" WIDTH="133" VPOS="1968" HPOS="1679"/><SP WIDTH="17" VPOS="1976" HPOS="1813"/><String WC="0.7440000176" CONTENT="einer" HEIGHT="24" WIDTH="74" VPOS="1968" HPOS="1831"/><SP WIDTH="18" VPOS="1970" HPOS="1906"/><String WC="0.7624999881" CONTENT="Hofseite" HEIGHT="23" WIDTH="125" VPOS="1969" HPOS="1925"/><SP WIDTH="18" VPOS="1970" HPOS="2051"/><String WC="0.7266666889" CONTENT="des" HEIGHT="24" WIDTH="48" VPOS="1970" HPOS="2070"/><SP WIDTH="17" VPOS="1978" HPOS="2119"/><String WC="0.7566666603" CONTENT="von" HEIGHT="16" WIDTH="56" VPOS="1978" HPOS="2137"/></TextLine>
<TextLine HEIGHT="38" WIDTH="1369" VPOS="1997" HPOS="822"><String WC="0.7512500286" CONTENT="Heinrich" HEIGHT="23" WIDTH="133" VPOS="1997" HPOS="822"/><SP WIDTH="8" VPOS="1998" HPOS="956"/><String WC="0.8100000024" CONTENT="VIII." HEIGHT="23" WIDTH="79" VPOS="1998" HPOS="965"/><SP WIDTH="17" VPOS="1999" HPOS="1045"/><String WC="0.7400000095" CONTENT="in" HEIGHT="22" WIDTH="29" VPOS="1999" HPOS="1063"/><SP WIDTH="19" VPOS="2000" HPOS="1093"/><String WC="0.7300000191" CONTENT="Surrey" HEIGHT="31" WIDTH="100" VPOS="2000" HPOS="1113"/><SP WIDTH="16" VPOS="2008" HPOS="1214"/><String WC="0.6588888764" CONTENT="erbauten," HEIGHT="27" WIDTH="141" VPOS="2001" HPOS="1231"/><SP WIDTH="18" VPOS="2001" HPOS="1373"/><String WC="0.8199999928" CONTENT="jetzt" HEIGHT="31" WIDTH="70" VPOS="2001" HPOS="1392"/><SP WIDTH="15" VPOS="2004" HPOS="1463"/><String WC="0.8466666937" CONTENT="völlig" HEIGHT="29" WIDTH="85" VPOS="2002" HPOS="1479"/><SP WIDTH="16" VPOS="2008" HPOS="1565"/><String WC="0.8199999928" CONTENT="zerstörten" HEIGHT="23" WIDTH="151" VPOS="2003" HPOS="1582"/><SP WIDTH="16" VPOS="2004" HPOS="1734"/><String WC="0.7287499905" CONTENT="Palastes" HEIGHT="23" WIDTH="124" VPOS="2003" HPOS="1751"/><SP WIDTH="16" VPOS="2004" HPOS="1876"/><String WC="0.4557142854" CONTENT="Nonsuch" HEIGHT="22" WIDTH="132" VPOS="2005" HPOS="1893"/><SP WIDTH="16" VPOS="2005" HPOS="2026"/><String WC="0.6150000095" CONTENT="zu" HEIGHT="14" WIDTH="33" VPOS="2013" HPOS="2043"/><SP WIDTH="18" VPOS="2012" HPOS="2077"/><String WC="0.5883333087" CONTENT="sehen:" HEIGHT="23" WIDTH="95" VPOS="2006" HPOS="2096"/></TextLine>
<TextLine HEIGHT="39" WIDTH="1369" VPOS="2032" HPOS="821"><String WC="0.7871428728" CONTENT="Warton," HEIGHT="26" WIDTH="124" VPOS="2033" HPOS="821"/><SP WIDTH="13" VPOS="2033" HPOS="946"/><String WC="0.8528571725" CONTENT="History" HEIGHT="32" WIDTH="117" VPOS="2032" HPOS="960"/><SP WIDTH="10" VPOS="2041" HPOS="1078"/><String WC="0.4650000036" CONTENT="of" HEIGHT="22" WIDTH="29" VPOS="2034" HPOS="1089"/><SP WIDTH="10" VPOS="2034" HPOS="1119"/><String WC="0.4785714149" CONTENT="English" HEIGHT="31" WIDTH="115" VPOS="2034" HPOS="1130"/><SP WIDTH="11" VPOS="2037" HPOS="1246"/><String WC="0.8414285779" CONTENT="Poetry," HEIGHT="29" WIDTH="109" VPOS="2037" HPOS="1258"/><SP WIDTH="13" VPOS="2044" HPOS="1368"/><String WC="1." CONTENT="ed." HEIGHT="21" WIDTH="41" VPOS="2037" HPOS="1382"/><SP WIDTH="14" VPOS="2037" HPOS="1424"/><String WC="0.7414285541" CONTENT="Hazlitt" HEIGHT="23" WIDTH="109" VPOS="2037" HPOS="1439"/><SP WIDTH="13" VPOS="2039" HPOS="1549"/><String WC="0.8012499809" CONTENT="1871,11," HEIGHT="31" WIDTH="121" VPOS="2037" HPOS="1563"/><SP WIDTH="16" VPOS="2039" HPOS="1685"/><String WC="0.7666666508" CONTENT="S.332," HEIGHT="28" WIDTH="91" VPOS="2039" HPOS="1702"/><SP WIDTH="13" VPOS="2039" HPOS="1794"/><String WC="0.6675000191" CONTENT="Anm." HEIGHT="23" WIDTH="81" VPOS="2039" HPOS="1808"/><SP WIDTH="11" VPOS="2047" HPOS="1890"/><String WC="1." CONTENT="3" HEIGHT="21" WIDTH="15" VPOS="2047" HPOS="1902"/><SP WIDTH="15" VPOS="2039" HPOS="1918"/><String WC="0.75" CONTENT="(zu" HEIGHT="30" WIDTH="42" VPOS="2039" HPOS="1934"/><SP WIDTH="12" VPOS="2040" HPOS="1977"/><String WC="0.7042857409" CONTENT="Nonsuch" HEIGHT="23" WIDTH="133" VPOS="2040" HPOS="1990"/><SP WIDTH="10" VPOS="2042" HPOS="2124"/><String WC="0.7749999762" CONTENT="vgl." HEIGHT="30" WIDTH="55" VPOS="2041" HPOS="2135"/></TextLine>
<TextLine HEIGHT="37" WIDTH="1367" VPOS="2068" HPOS="822"><String WC="1." CONTENT="die" HEIGHT="22" WIDTH="44" VPOS="2068" HPOS="822"/><SP WIDTH="11" VPOS="2068" HPOS="867"/><String WC="0.7266666889" CONTENT="bei" HEIGHT="22" WIDTH="44" VPOS="2068" HPOS="879"/><SP WIDTH="12" VPOS="2068" HPOS="924"/><String WC="0.8650000095" CONTENT="H." HEIGHT="22" WIDTH="35" VPOS="2069" HPOS="937"/><SP WIDTH="11" VPOS="2068" HPOS="973"/><String WC="0.8066666722" CONTENT="Hecht," HEIGHT="27" WIDTH="100" VPOS="2069" HPOS="985"/><SP WIDTH="13" VPOS="2070" HPOS="1086"/><String WC="0.9583333135" CONTENT="Thomas" HEIGHT="23" WIDTH="120" VPOS="2070" HPOS="1100"/><SP WIDTH="12" VPOS="2072" HPOS="1221"/><String WC="0.7987499833" CONTENT="Plätters" HEIGHT="22" WIDTH="121" VPOS="2072" HPOS="1234"/><SP WIDTH="11" VPOS="2072" HPOS="1356"/><String WC="1." CONTENT="d." HEIGHT="22" WIDTH="25" VPOS="2072" HPOS="1368"/><SP WIDTH="14" VPOS="2072" HPOS="1394"/><String WC="1." CONTENT="J." HEIGHT="30" WIDTH="24" VPOS="2072" HPOS="1409"/><SP WIDTH="15" VPOS="2073" HPOS="1434"/><String WC="0.5233333111" CONTENT="Englandfahrt" HEIGHT="30" WIDTH="204" VPOS="2072" HPOS="1450"/><SP WIDTH="11" VPOS="2074" HPOS="1655"/><String WC="0.7799999714" CONTENT="im" HEIGHT="22" WIDTH="39" VPOS="2074" HPOS="1667"/><SP WIDTH="14" VPOS="2074" HPOS="1707"/><String WC="0.9160000086" CONTENT="Jahre" HEIGHT="29" WIDTH="84" VPOS="2074" HPOS="1722"/><SP WIDTH="13" VPOS="2081" HPOS="1807"/><String WC="0.4539999962" CONTENT="1599," HEIGHT="23" WIDTH="75" VPOS="2080" HPOS="1821"/><SP WIDTH="14" VPOS="2075" HPOS="1897"/><String WC="0.6079999804" CONTENT="Halle" HEIGHT="22" WIDTH="81" VPOS="2075" HPOS="1912"/><SP WIDTH="13" VPOS="2082" HPOS="1994"/><String WC="0.621999979" CONTENT="1929," HEIGHT="22" WIDTH="75" VPOS="2082" HPOS="2008"/><SP WIDTH="16" VPOS="2076" HPOS="2084"/><String WC="1." CONTENT="S." HEIGHT="23" WIDTH="26" VPOS="2076" HPOS="2101"/><SP WIDTH="13" VPOS="2084" HPOS="2128"/><String WC="0.7666666508" CONTENT="161" HEIGHT="22" WIDTH="47" VPOS="2078" HPOS="2142"/></TextLine>
<TextLine HEIGHT="39" WIDTH="1371" VPOS="2102" HPOS="821"><String WC="0.7639999986" CONTENT="angegebene" HEIGHT="31" WIDTH="173" VPOS="2103" HPOS="821"/><SP WIDTH="18" VPOS="2105" HPOS="995"/><String WC="0.8481818438" CONTENT="Literatur)." HEIGHT="30" WIDTH="159" VPOS="2104" HPOS="1014"/><SP WIDTH="19" VPOS="2106" HPOS="1174"/><String WC="0.6159999967" CONTENT="Einer" HEIGHT="23" WIDTH="84" VPOS="2106" HPOS="1194"/><SP WIDTH="17" VPOS="2107" HPOS="1279"/><String WC="0.90200001" CONTENT="Folge" HEIGHT="29" WIDTH="83" VPOS="2107" HPOS="1297"/><SP WIDTH="17" VPOS="2114" HPOS="1381"/><String WC="0.8299999833" CONTENT="von" HEIGHT="16" WIDTH="56" VPOS="2114" HPOS="1399"/><SP WIDTH="17" VPOS="2111" HPOS="1456"/><String WC="0.5666666627" CONTENT="ähnlichen" HEIGHT="23" WIDTH="147" VPOS="2107" HPOS="1474"/><SP WIDTH="18" VPOS="2108" HPOS="1622"/><String WC="0.7369230986" CONTENT="Darstellungen" HEIGHT="30" WIDTH="211" VPOS="2108" HPOS="1641"/><SP WIDTH="17" VPOS="2108" HPOS="1853"/><String WC="0.7799999714" CONTENT="in" HEIGHT="23" WIDTH="29" VPOS="2108" HPOS="1871"/><SP WIDTH="18" VPOS="2110" HPOS="1901"/><String WC="0.8157142997" CONTENT="Malerei" HEIGHT="23" WIDTH="111" VPOS="2109" HPOS="1920"/><SP WIDTH="18" VPOS="2109" HPOS="2032"/><String WC="1." CONTENT="mag" HEIGHT="25" WIDTH="63" VPOS="2116" HPOS="2051"/><SP WIDTH="18" VPOS="2118" HPOS="2115"/><String WC="0.5325000286" CONTENT="sich" HEIGHT="22" WIDTH="58" VPOS="2112" HPOS="2134"/></TextLine>
<TextLine HEIGHT="39" WIDTH="1369" VPOS="2137" HPOS="823"><String WC="0.8554545641" CONTENT="Shakespeare" HEIGHT="31" WIDTH="186" VPOS="2138" HPOS="823"/><SP WIDTH="10" VPOS="2147" HPOS="1009"/><String WC="0.6762499809" CONTENT="erinnert" HEIGHT="23" WIDTH="121" VPOS="2139" HPOS="1020"/><SP WIDTH="10" VPOS="2141" HPOS="1141"/><String WC="0.6366666555" CONTENT="haben," HEIGHT="27" WIDTH="101" VPOS="2141" HPOS="1151"/><SP WIDTH="11" VPOS="2149" HPOS="1252"/><String WC="0.8866666555" CONTENT="als" HEIGHT="22" WIDTH="41" VPOS="2142" HPOS="1264"/><SP WIDTH="9" VPOS="2149" HPOS="1305"/><String WC="0.9250000119" CONTENT="er" HEIGHT="15" WIDTH="29" VPOS="2149" HPOS="1315"/><SP WIDTH="9" VPOS="2143" HPOS="1345"/><String WC="0.6399999857" CONTENT="in" HEIGHT="21" WIDTH="30" VPOS="2143" HPOS="1354"/><SP WIDTH="12" VPOS="2150" HPOS="1384"/><String WC="0.678571403" CONTENT="„Taming" HEIGHT="31" WIDTH="136" VPOS="2142" HPOS="1397"/><SP WIDTH="9" VPOS="2149" HPOS="1533"/><String WC="0.6399999857" CONTENT="of" HEIGHT="22" WIDTH="29" VPOS="2142" HPOS="1543"/><SP WIDTH="10" VPOS="2142" HPOS="1572"/><String WC="0.8333333135" CONTENT="the" HEIGHT="22" WIDTH="49" VPOS="2143" HPOS="1582"/><SP WIDTH="14" VPOS="2143" HPOS="1631"/><String WC="0.8100000024" CONTENT="Shrew&quot;" HEIGHT="24" WIDTH="111" VPOS="2142" HPOS="1645"/><SP WIDTH="15" VPOS="2143" HPOS="1756"/><String WC="0.6660000086" CONTENT="(Ind." HEIGHT="29" WIDTH="71" VPOS="2144" HPOS="1771"/><SP WIDTH="13" VPOS="2144" HPOS="1842"/><String WC="0.9633333087" CONTENT="IV)" HEIGHT="31" WIDTH="50" VPOS="2143" HPOS="1855"/><SP WIDTH="13" VPOS="2144" HPOS="1905"/><String WC="0.9866666794" CONTENT="dem" HEIGHT="22" WIDTH="65" VPOS="2145" HPOS="1918"/><SP WIDTH="9" VPOS="2152" HPOS="1983"/><String WC="0.6154545546" CONTENT="erwachenden" HEIGHT="25" WIDTH="199" VPOS="2145" HPOS="1993"/></TextLine>
<TextLine HEIGHT="25" WIDTH="424" VPOS="2174" HPOS="821"><String WC="0.7009090781" CONTENT="Pseudo-Lord" HEIGHT="23" WIDTH="191" VPOS="2174" HPOS="821"/><SP WIDTH="18" VPOS="2175" HPOS="1013"/><String WC="0.5550000072" CONTENT="anbieten" HEIGHT="23" WIDTH="130" VPOS="2175" HPOS="1032"/><SP WIDTH="14" VPOS="2176" HPOS="1163"/><String WC="0.7120000124" CONTENT="ließ:" HEIGHT="24" WIDTH="67" VPOS="2175" HPOS="1178"/></TextLine>
</TextBlock>
<TextBlock ID="Page1_Block4" HEIGHT="263" WIDTH="812" VPOS="2213" HPOS="1127" language="de"><Shape><Polygon POINTS="1140,2220 1950,2220 1950,2480 1140,2480 1140,2220"/></Shape>
<TextLine HEIGHT="35" WIDTH="760" VPOS="2219" HPOS="1134"><String WC="0.5400000215" CONTENT="Dost" HEIGHT="24" WIDTH="70" VPOS="2220" HPOS="1134"/><SP WIDTH="10" VPOS="2223" HPOS="1205"/><String WC="0.6675000191" CONTENT="thou" HEIGHT="21" WIDTH="69" VPOS="2222" HPOS="1216"/><SP WIDTH="9" VPOS="2221" HPOS="1286"/><String WC="0.8625000119" CONTENT="love" HEIGHT="23" WIDTH="62" VPOS="2221" HPOS="1296"/><SP WIDTH="10" VPOS="2229" HPOS="1359"/><String WC="0.6737499833" CONTENT="pictures" HEIGHT="31" WIDTH="121" VPOS="2221" HPOS="1370"/><SP WIDTH="7" VPOS="2222" HPOS="1492"/><String WC="1." CONTENT="?" HEIGHT="23" WIDTH="9" VPOS="2222" HPOS="1500"/><SP WIDTH="22" VPOS="2222" HPOS="1510"/><String WC="0.4399999976" CONTENT="we" HEIGHT="15" WIDTH="40" VPOS="2229" HPOS="1533"/><SP WIDTH="10" VPOS="2229" HPOS="1574"/><String WC="0.6750000119" CONTENT="will" HEIGHT="22" WIDTH="55" VPOS="2222" HPOS="1585"/><SP WIDTH="8" VPOS="2222" HPOS="1641"/><String WC="0.7220000029" CONTENT="fetch" HEIGHT="23" WIDTH="76" VPOS="2222" HPOS="1650"/><SP WIDTH="9" VPOS="2224" HPOS="1727"/><String WC="0.8100000024" CONTENT="thee" HEIGHT="23" WIDTH="64" VPOS="2223" HPOS="1737"/><SP WIDTH="10" VPOS="2230" HPOS="1802"/><String WC="0.8650000095" CONTENT="strait" HEIGHT="24" WIDTH="81" VPOS="2222" HPOS="1813"/></TextLine>
<TextLine HEIGHT="35" WIDTH="605" VPOS="2254" HPOS="1134"><String WC="0.7257142663" CONTENT="Adonis," HEIGHT="29" WIDTH="112" VPOS="2254" HPOS="1134"/><SP WIDTH="12" VPOS="2264" HPOS="1247"/><String WC="0.812857151" CONTENT="painted" HEIGHT="29" WIDTH="114" VPOS="2257" HPOS="1260"/><SP WIDTH="11" VPOS="2257" HPOS="1375"/><String WC="1." CONTENT="by" HEIGHT="30" WIDTH="38" VPOS="2257" HPOS="1387"/><SP WIDTH="10" VPOS="2264" HPOS="1426"/><String WC="0.6800000072" CONTENT="a" HEIGHT="15" WIDTH="16" VPOS="2265" HPOS="1437"/><SP WIDTH="10" VPOS="2265" HPOS="1454"/><String WC="0.6071428657" CONTENT="running" HEIGHT="29" WIDTH="120" VPOS="2257" HPOS="1465"/><SP WIDTH="10" VPOS="2258" HPOS="1586"/><String WC="0.9900000095" CONTENT="brook" HEIGHT="23" WIDTH="87" VPOS="2258" HPOS="1597"/><SP WIDTH="10" VPOS="2259" HPOS="1685"/><String WC="1." CONTENT="." HEIGHT="3" WIDTH="4" VPOS="2277" HPOS="1696"/><SP WIDTH="14" VPOS="2277" HPOS="1701"/><String WC="1." CONTENT="." HEIGHT="3" WIDTH="3" VPOS="2277" HPOS="1716"/><SP WIDTH="14" VPOS="2277" HPOS="1720"/><String WC="1." CONTENT="." HEIGHT="4" WIDTH="4" VPOS="2277" HPOS="1735"/></TextLine>
<TextLine HEIGHT="27" WIDTH="333" VPOS="2292" HPOS="1274"><String WC="0.8379999995" CONTENT="usw.," HEIGHT="19" WIDTH="75" VPOS="2299" HPOS="1274"/><SP WIDTH="12" VPOS="2292" HPOS="1350"/><String WC="0.6349999905" CONTENT="dann" HEIGHT="23" WIDTH="74" VPOS="2292" HPOS="1363"/><SP WIDTH="12" VPOS="2293" HPOS="1438"/><String WC="0.7533333302" CONTENT="Io;" HEIGHT="26" WIDTH="42" VPOS="2293" HPOS="1451"/><SP WIDTH="14" VPOS="2293" HPOS="1494"/><String WC="0.5633333325" CONTENT="darauf" HEIGHT="22" WIDTH="98" VPOS="2293" HPOS="1509"/></TextLine>
<TextLine HEIGHT="34" WIDTH="679" VPOS="2325" HPOS="1134"><String WC="0.6150000095" CONTENT="Or" HEIGHT="23" WIDTH="37" VPOS="2325" HPOS="1134"/><SP WIDTH="12" VPOS="2326" HPOS="1172"/><String WC="0.7483333349" CONTENT="Daphne" HEIGHT="31" WIDTH="117" VPOS="2326" HPOS="1185"/><SP WIDTH="10" VPOS="2334" HPOS="1303"/><String WC="0.8114285469" CONTENT="roaming" HEIGHT="31" WIDTH="125" VPOS="2327" HPOS="1314"/><SP WIDTH="9" VPOS="2329" HPOS="1440"/><String WC="0.6557142735" CONTENT="through" HEIGHT="29" WIDTH="121" VPOS="2328" HPOS="1450"/><SP WIDTH="10" VPOS="2328" HPOS="1572"/><String WC="0.5099999905" CONTENT="a" HEIGHT="15" WIDTH="16" VPOS="2335" HPOS="1583"/><SP WIDTH="10" VPOS="2330" HPOS="1600"/><String WC="0.5299999714" CONTENT="thorny" HEIGHT="29" WIDTH="104" VPOS="2329" HPOS="1611"/><SP WIDTH="9" VPOS="2336" HPOS="1716"/><String WC="0.8880000114" CONTENT="wood," HEIGHT="28" WIDTH="87" VPOS="2328" HPOS="1726"/></TextLine>
<TextLine HEIGHT="36" WIDTH="797" VPOS="2359" HPOS="1136"><String WC="0.7239999771" CONTENT="Scratching" HEIGHT="32" WIDTH="161" VPOS="2360" HPOS="1136"/><SP WIDTH="10" VPOS="2363" HPOS="1297"/><String WC="0.7566666603" CONTENT="her" HEIGHT="21" WIDTH="50" VPOS="2363" HPOS="1307"/><SP WIDTH="11" VPOS="2361" HPOS="1357"/><String WC="0.8880000114" CONTENT="legs," HEIGHT="31" WIDTH="65" VPOS="2361" HPOS="1368"/><SP WIDTH="12" VPOS="2365" HPOS="1433"/><String WC="0.8075000048" CONTENT="that" HEIGHT="21" WIDTH="66" VPOS="2364" HPOS="1445"/><SP WIDTH="12" VPOS="2365" HPOS="1511"/><String WC="0.5633333325" CONTENT="one" HEIGHT="15" WIDTH="52" VPOS="2370" HPOS="1523"/><SP WIDTH="12" VPOS="2370" HPOS="1575"/><String WC="0.7480000257" CONTENT="shall" HEIGHT="23" WIDTH="71" VPOS="2363" HPOS="1587"/><SP WIDTH="11" VPOS="2364" HPOS="1658"/><String WC="0.8100000024" CONTENT="swear" HEIGHT="16" WIDTH="86" VPOS="2370" HPOS="1669"/><SP WIDTH="11" VPOS="2370" HPOS="1755"/><String WC="0.6899999976" CONTENT="she" HEIGHT="22" WIDTH="49" VPOS="2364" HPOS="1766"/><SP WIDTH="12" VPOS="2364" HPOS="1815"/><String WC="0.8842856884" CONTENT="bleeds:" HEIGHT="24" WIDTH="106" VPOS="2363" HPOS="1827"/></TextLine>
<TextLine HEIGHT="48" WIDTH="644" VPOS="2389" HPOS="1133"><String WC="0.5133333206" CONTENT="And" HEIGHT="23" WIDTH="62" VPOS="2396" HPOS="1133"/><SP WIDTH="11" VPOS="2397" HPOS="1196"/><String WC="0.5950000286" CONTENT="at" HEIGHT="21" WIDTH="31" VPOS="2399" HPOS="1208"/><SP WIDTH="8" VPOS="2399" HPOS="1240"/><String WC="0.8625000119" CONTENT="that" HEIGHT="22" WIDTH="65" VPOS="2398" HPOS="1249"/><SP WIDTH="10" VPOS="2399" HPOS="1315"/><String WC="0.8100000024" CONTENT="sight" HEIGHT="29" WIDTH="74" VPOS="2397" HPOS="1326"/><SP WIDTH="10" VPOS="2398" HPOS="1401"/><String WC="0.5580000281" CONTENT="shall" HEIGHT="24" WIDTH="69" VPOS="2397" HPOS="1412"/><SP WIDTH="11" VPOS="2398" HPOS="1483"/><String WC="0.853333354" CONTENT="sad" HEIGHT="23" WIDTH="49" VPOS="2398" HPOS="1495"/><SP WIDTH="10" VPOS="2398" HPOS="1545"/><String WC="0.7933333516" CONTENT="Apollo" HEIGHT="31" WIDTH="99" VPOS="2398" HPOS="1556"/><SP WIDTH="10" VPOS="2407" HPOS="1656"/><String WC="0.75" CONTENT="weep" HEIGHT="22" WIDTH="75" VPOS="2407" HPOS="1667"/><SP WIDTH="5" VPOS="2393" HPOS="1743"/><String WC="0.1299999952" CONTENT="f" HEIGHT="44" WIDTH="28" VPOS="2392" HPOS="1749"/></TextLine>
<TextLine HEIGHT="44" WIDTH="714" VPOS="2427" HPOS="1135"><String WC="0.8700000048" CONTENT="So" HEIGHT="22" WIDTH="35" VPOS="2431" HPOS="1135"/><SP WIDTH="10" VPOS="2437" HPOS="1171"/><String WC="0.7933333516" CONTENT="workmanly" HEIGHT="31" WIDTH="172" VPOS="2431" HPOS="1182"/><SP WIDTH="9" VPOS="2434" HPOS="1355"/><String WC="0.8333333135" CONTENT="the" HEIGHT="22" WIDTH="48" VPOS="2432" HPOS="1365"/><SP WIDTH="10" VPOS="2433" HPOS="1414"/><String WC="0.7066666484" CONTENT="bloodj" HEIGHT="41" WIDTH="98" VPOS="2429" HPOS="1425"/><SP WIDTH="10" VPOS="2430" HPOS="1524"/><String WC="0.7933333516" CONTENT="and" HEIGHT="22" WIDTH="54" VPOS="2434" HPOS="1535"/><SP WIDTH="11" VPOS="2434" HPOS="1590"/><String WC="0.8579999804" CONTENT="tears" HEIGHT="22" WIDTH="74" VPOS="2435" HPOS="1602"/><SP WIDTH="10" VPOS="2442" HPOS="1677"/><String WC="0.5966666937" CONTENT="are" HEIGHT="15" WIDTH="46" VPOS="2442" HPOS="1688"/><SP WIDTH="10" VPOS="2435" HPOS="1735"/><String WC="0.7366666794" CONTENT="drawn." HEIGHT="21" WIDTH="103" VPOS="2435" HPOS="1746"/></TextLine>
</TextBlock>
<TextBlock ID="Page1_Block5" HEIGHT="71" WIDTH="56" VPOS="2374" HPOS="2055" language="de"><Shape><Polygon POINTS="2067,2377 2123,2377 2123,2448 2067,2448 2067,2377"/></Shape>
<TextLine HEIGHT="58" WIDTH="44" VPOS="2380" HPOS="2061"><String WC="0.8450000286" CONTENT="r," HEIGHT="58" WIDTH="44" VPOS="2380" HPOS="2061"/></TextLine>
</TextBlock>
<TextBlock ID="Page1_Block6" HEIGHT="83" WIDTH="1378" VPOS="2467" HPOS="812" language="de"><Shape><Polygon POINTS="825,2475 2202,2475 2202,2553 825,2553 825,2475"/></Shape>
<TextLine HEIGHT="39" WIDTH="1286" VPOS="2472" HPOS="898"><String WC="0.8000000119" CONTENT="4)" HEIGHT="30" WIDTH="25" VPOS="2472" HPOS="898"/><SP WIDTH="14" VPOS="2472" HPOS="924"/><String WC="1." CONTENT="Um" HEIGHT="23" WIDTH="54" VPOS="2474" HPOS="939"/><SP WIDTH="15" VPOS="2481" HPOS="994"/><String WC="0.6740000248" CONTENT="1586," HEIGHT="29" WIDTH="73" VPOS="2474" HPOS="1010"/><SP WIDTH="14" VPOS="2482" HPOS="1084"/><String WC="0.5933333039" CONTENT="nur" HEIGHT="16" WIDTH="51" VPOS="2481" HPOS="1099"/><SP WIDTH="11" VPOS="2474" HPOS="1151"/><String WC="0.812142849" CONTENT="fragmentarisch" HEIGHT="31" WIDTH="227" VPOS="2474" HPOS="1163"/><SP WIDTH="11" VPOS="2476" HPOS="1391"/><String WC="0.8655555844" CONTENT="erhalten," HEIGHT="28" WIDTH="132" VPOS="2476" HPOS="1403"/><SP WIDTH="14" VPOS="2477" HPOS="1536"/><String WC="0.678571403" CONTENT="Entwurf" HEIGHT="24" WIDTH="127" VPOS="2477" HPOS="1551"/><SP WIDTH="10" VPOS="2478" HPOS="1679"/><String WC="0.6100000143" CONTENT="in" HEIGHT="22" WIDTH="29" VPOS="2479" HPOS="1690"/><SP WIDTH="11" VPOS="2480" HPOS="1720"/><String WC="0.9066666961" CONTENT="der" HEIGHT="23" WIDTH="48" VPOS="2479" HPOS="1732"/><SP WIDTH="11" VPOS="2479" HPOS="1781"/><String WC="0.6430000067" CONTENT="Albertina;" HEIGHT="28" WIDTH="155" VPOS="2478" HPOS="1793"/><SP WIDTH="14" VPOS="2487" HPOS="1949"/><String WC="0.75" CONTENT="vgl." HEIGHT="30" WIDTH="53" VPOS="2479" HPOS="1964"/><SP WIDTH="16" VPOS="2479" HPOS="2018"/><String WC="0.7979999781" CONTENT="Steinbart," HEIGHT="27" WIDTH="149" VPOS="2479" HPOS="2035"/></TextLine>
<TextLine HEIGHT="34" WIDTH="706" VPOS="2508" HPOS="818"><String WC="0.6411111355" CONTENT="Marburger" HEIGHT="31" WIDTH="160" VPOS="2508" HPOS="818"/><SP WIDTH="18" VPOS="2510" HPOS="979"/><String WC="0.6700000167" CONTENT="Jahrbuch" HEIGHT="30" WIDTH="142" VPOS="2509" HPOS="998"/><SP WIDTH="19" VPOS="2510" HPOS="1141"/><String WC="0.574000001" CONTENT="1928," HEIGHT="30" WIDTH="74" VPOS="2510" HPOS="1161"/><SP WIDTH="20" VPOS="2512" HPOS="1236"/><String WC="1." CONTENT="S." HEIGHT="22" WIDTH="25" VPOS="2512" HPOS="1257"/><SP WIDTH="14" VPOS="2518" HPOS="1283"/><String WC="0.7340000272" CONTENT="ngf.," HEIGHT="29" WIDTH="82" VPOS="2511" HPOS="1298"/><SP WIDTH="17" VPOS="2512" HPOS="1381"/><String WC="0.8224999905" CONTENT="Abb." HEIGHT="23" WIDTH="70" VPOS="2512" HPOS="1399"/><SP WIDTH="13" VPOS="2521" HPOS="1470"/><String WC="0.853333354" CONTENT="42." HEIGHT="22" WIDTH="40" VPOS="2520" HPOS="1484"/></TextLine>
</TextBlock><GraphicalElement ID="Page1_Block7" HEIGHT="4" WIDTH="210" VPOS="1760" HPOS="823"/>
</PrintSpace>
</Page>
</Layout>
</alto>