2409 3159
840 330 39 30 28

1152 337 192 23 Manierismus
1360 340 54 21 und
1430 339 111 22 Barock:
1556 338 51 22 Die
1622 337 233 28 ,,transitorische'*
1869 338 108 29 Gruppe
1992 338 28 22 in
2034 339 45 21 der
2093 338 113 22 Malerei

838 401 124 37 gestellt
972 417 41 3 —
1021 403 57 33 gut
1089 400 66 27 und
1165 400 223 34 willkommen,
1400 401 83 28 denn
1494 410 75 18 man
1578 399 96 30 liebte
1685 399 66 28 und
1762 399 110 28 suchte
1883 409 65 17 nun
1959 400 103 28 solche
2076 400 117 28 Schwie­

837 444 154 36 rigkeiten
1008 444 54 27 der
1078 444 154 27 formalen
1249 443 147 38 Fügung;
1413 445 140 36 zugleich
1570 443 75 29 aber
1661 452 64 19 war
1742 442 100 28 dieser
1859 443 130 28 Peneios
2004 443 33 36 ja
2052 444 49 27 ein
2117 447 91 33 guter

840 487 107 27 Helfer
967 496 55 18 zur
1044 487 161 37 Rundung
1225 487 55 29 der
1303 488 140 37 Gruppe,
1464 498 73 18 zum
1557 487 180 38 Auffangen
1759 487 54 27 der
1835 487 187 36 Bewegung.
2045 487 163 28 Vielleicht

838 531 200 27 verwundert
1057 540 42 24 es,
1120 531 33 27 in
1168 531 117 29 diesem
1299 531 86 28 Falle
1399 532 67 28 hier
1480 532 68 27 eine
1562 541 35 18 so
1611 531 89 29 stark
1714 539 75 19 vom
1804 530 196 28 Formalen
2014 530 55 28 her
2083 540 112 27 genom­

838 583 90 18 mene
947 574 213 37 Begründung
1178 575 54 27 der
1250 576 181 27 Aufnahme
1450 575 99 28 dieser
1568 575 95 37 Figur
1681 576 159 26 vertreten
1859 583 39 18 zu
1916 574 124 32 finden;
2066 573 80 28 doch
2164 583 32 19 er­

839 617 88 28 weist
946 618 67 27 sich
1034 618 65 28 dies
1120 618 173 28 Verfahren
1313 619 48 27 als
1380 619 185 37 berechtigt,
1587 628 91 18 wenn
1699 627 75 18 man
1795 617 174 29 feststellen
1990 616 77 28 muß
2087 633 40 4 —
2146 627 64 18 was

839 661 134 36 sogleich
993 662 82 27 noch
1095 672 39 17 zu
1153 664 59 25 tun
1232 661 65 29 sein
1317 662 80 28 wird
1415 680 41 2 —
1475 663 62 27 daß
1558 663 49 27 die
1627 661 141 35 innere,
1790 661 165 37 logische
1978 660 230 37 „Eroberung“

839 704 55 27 der
909 705 213 37 Peneiosfigur
1135 705 32 27 in
1182 705 55 28 der
1251 706 60 27 Tat
1326 709 64 24 erst
1404 706 44 27 im
1465 706 151 37 Gefolge
1630 705 83 29 ihrer
1727 705 155 28 formalen
1892 705 192 32 Aufnahme,
2100 708 63 24 erst
2178 705 32 26 in

838 747 84 29 einer
937 749 321 38 Neudurchdenkung
1272 749 56 28 der
1341 750 97 27 schon
1452 749 177 37 „fertigen“
1642 748 231 37 Dreiergruppe
1887 748 241 37 stattgefunden
2142 748 66 27 hat.

918 792 90 28 Noch
1031 792 98 28 bevor
1151 792 56 28 das
1231 792 97 29 dritte
1353 793 175 36 Jahrzehnt
1552 794 54 27 des
1630 792 46 29 16.
1693 792 235 36 Jahrhunderts
1950 802 40 18 zu
2013 792 90 28 Ende
2126 792 84 37 ging,

839 844 64 18 war
917 835 152 38 diejenige
1084 836 126 37 Lösung
1224 836 54 28 des
1292 846 103 18 neuen
1410 837 163 28 Problems
1586 836 168 38 gefunden,
1770 836 49 28 die
1834 836 77 28 über
1925 836 50 28 ein
1991 836 219 36 Jahrhundert

838 878 74 37 lang
931 880 46 27 als
996 879 169 28 besonders
1184 879 150 29 wirksam
1352 881 195 35 empfunden
1566 881 67 27 und
1651 880 113 27 immer
1784 880 113 27 wieder
1917 880 208 37 aufgegriffen
2145 880 67 27 und

839 922 218 37 abgewandelt
1084 923 121 28 wurde:
1236 923 148 28 Pierino
1413 924 58 27 del
1499 924 120 37 Vagas
1646 923 32 28 in
1706 923 159 37 Caraglios
1895 923 87 28 Stich
2010 924 200 28 überlieferte

842 965 129 37 Gruppe
996 966 92 37 (Abb.
1103 966 60 37 29).

919 1010 158 37 Caraglios
1101 1010 86 28 Stich
1209 1010 111 38 gehört
1343 1021 39 17 zu
1403 1011 84 27 einer
1511 1010 83 28 Serie
1602 1010 12 16 1
1616 1010 22 37 ),
1661 1010 95 27 deren
1777 1010 216 28 stilbildender
2015 1011 130 28 Einfluß
2166 1011 46 28 im

841 1052 46 29 16.
899 1054 219 35 Jahrhundert
1134 1054 65 27 und
1215 1053 72 29 weit
1303 1054 33 27 in
1352 1054 60 27 den
1424 1054 124 27 Barock
1561 1053 108 28 hinein
1684 1053 88 28 nicht
1787 1054 82 27 hoch
1879 1063 102 28 genug
1991 1055 220 37 veranschlagt

838 1097 125 28 werden
982 1097 94 27 kann.
1097 1097 59 27 Die
1175 1097 77 28 kurz
1270 1098 82 27 nach
1372 1098 72 27 dem
1465 1097 96 28 Sacco
1580 1097 32 27 di
1631 1096 104 29 Roma
1756 1097 101 36 (1527)
1877 1098 220 33 entstandene,
2115 1099 96 28 heute

838 1141 71 27 sehr
941 1141 99 27 selten
1065 1140 183 38 gewordene
1274 1141 95 36 Folge
1394 1141 69 36 gibt
1488 1139 194 29 mindestens
1709 1140 37 27 18
1771 1140 277 38 Vorzeichnungen
2074 1141 140 29 Pierinos

838 1185 67 27 und
918 1184 75 28 zwei
1009 1184 116 28 Rossos
1138 1184 123 28 wieder.
1280 1184 50 28 Sie
1344 1184 158 28 verdankt
1515 1184 67 27 ihre
1598 1183 191 29 Beliebtheit
1804 1184 190 37 keineswegs
2007 1185 92 28 allein
2112 1186 102 27 ihrem

837 1227 205 37 gelegentlich
1059 1227 138 28 lasziven
1214 1227 184 34 Charakter,
1416 1228 136 28 sondern
1567 1228 91 27 ihren
1673 1227 71 28 sehr
1761 1227 305 29 bemerkenswerten
2084 1229 130 37 kompo-

837 1271 176 28 sitionellen
1033 1271 175 37 Vorzügen,
1229 1270 78 29 über
1327 1271 50 28 die
1396 1281 60 18 uns
1476 1272 50 27 die
1546 1271 333 38 Daphnedarstellung
1897 1272 166 37 genügend
2082 1272 119 29 Aufklä­

837 1324 81 28 rung
936 1314 79 37 gibt.

917 1359 123 36 Apollo,
1060 1358 59 28 mit
1138 1359 194 29 flatternden
1351 1360 128 28 Haaren
1497 1360 67 28 und
1580 1359 269 38 windgeblähtem
1867 1360 128 33 Mantel,
2014 1362 119 27 stürmt
2150 1371 64 18 von

836 1403 105 28 rechts
959 1402 107 28 herbei
1086 1403 66 27 und
1170 1403 94 38 greift
1285 1404 61 28 mit
1365 1404 113 28 beiden
1498 1405 119 27 Armen
1636 1404 82 28 nach
1732 1404 145 36 Daphne,
1898 1404 50 28 die
1967 1404 83 30 links
2069 1406 72 27 hart
2162 1415 53 18 am

840 1447 102 33 Rand,
965 1447 57 27 wie
1044 1456 63 18 von
1128 1447 68 27 ihm
1216 1447 278 38 zurückgeworfen
1515 1448 67 28 und
1603 1447 93 29 dabei
1717 1448 265 36 hochgeschnellt,
2006 1448 60 29 den
2090 1449 124 37 Körper

837 1491 33 28 in
887 1491 138 28 scharfer
1044 1490 142 37 Biegung
1203 1500 39 20 zu
1260 1492 99 27 voller
1376 1492 143 33 Ansicht,
1539 1492 60 28 den
1617 1491 199 38 angstvollen
1835 1492 89 37 Kopf
1940 1501 91 29 sogar
2048 1493 49 28 ins
2115 1493 99 28 Profil

837 1534 222 34 zurückdreht,
1079 1535 149 28 während
1247 1544 41 19 an
1307 1536 62 27 den
1387 1536 279 37 hochgeworfenen
1685 1535 119 29 Armen
1823 1535 49 28 die
1887 1536 113 37 Finger
2018 1547 39 17 zu
2070 1537 143 37 Zweigen

837 1580 140 33 werden;
995 1582 99 25 unten
1111 1580 75 28 aber
1202 1580 86 33 ruht,
1307 1580 50 28 die
1377 1580 123 37 Körper
1518 1580 54 28 der
1589 1580 113 28 beiden
1719 1581 32 27 in
1768 1581 55 28 der
1840 1581 176 28 Bildfläche
2033 1590 63 19 von
2113 1584 99 26 unten

836 1625 57 27 her
912 1624 266 33 verklammernd,
1200 1624 55 28 auf
1275 1623 61 29 den
1356 1623 120 38 Wogen
1496 1624 100 28 seines
1617 1624 125 28 Flusses
1762 1624 55 28 der
1836 1625 116 28 nackte
1974 1625 139 28 Peneios.

918 1667 177 37 Vergleicht
1117 1677 75 18 man
1213 1667 83 28 diese
1319 1668 225 37 Komposition
1566 1668 59 27 mit
1647 1668 73 28 dem
1741 1668 277 29 Farnesinafresko
2042 1669 92 36 (Abb.
2150 1669 61 37 20),

838 1721 34 19 so
889 1712 78 27 wird
984 1721 76 18 man
1077 1711 140 37 zugeben
1235 1711 137 35 können,
1391 1712 62 27 daß
1472 1712 50 28 die
1541 1712 202 37 Einführung
1761 1712 54 28 des
1833 1712 140 34 Peneios,
1992 1712 66 29 also
2077 1713 49 28 die
2144 1714 54 27 the­

838 1755 152 28 matische
1012 1755 226 37 Erweiterung,
1262 1755 48 29 die
1333 1765 63 19 von
1417 1765 34 18 so
1472 1756 113 36 großer
1606 1756 191 37 Bedeutung
1816 1756 125 28 werden
1962 1757 101 33 sollte,
2086 1757 56 28 auf
2162 1757 50 28 die

838 1800 96 27 ältere
948 1799 203 37 Darstellung
1162 1799 206 38 zurückgeht,
1382 1799 59 28 mit
1455 1800 54 28 der
1521 1800 82 28 auch
1615 1799 32 28 in
1661 1800 54 27 der
1727 1800 197 37 Apollofigur
1937 1800 277 38 Zusammenhang

837 1842 135 29 besteht.
990 1843 84 28 Aber
1089 1843 54 28 der
1157 1842 96 37 große
1269 1843 209 29 Unterschied
1492 1844 56 28 ist:
1564 1843 75 28 Was
1654 1843 73 28 dort
1742 1844 50 27 ein
1807 1844 244 28 erzählendes
2066 1845 127 28 Neben­

838 1887 179 27 einander
1038 1896 74 25 war,
1134 1887 42 27 ist
1197 1886 68 28 hier
1286 1897 41 18 zu
1348 1887 314 38 gruppierendem
1684 1887 227 28 Ineinander
1933 1889 176 35 geworden.

918 1930 92 28 Diese
1022 1940 79 18 neue
1117 1930 337 38 Gruppierungskunst
1467 1932 75 28 aber
1554 1932 55 27 hat
1624 1931 124 28 Pierino
1760 1931 103 28 weder
1874 1941 80 27 ganz
1967 1941 57 19 aus
2036 1932 66 28 sich
2114 1933 98 29 selbst

837 1974 81 28 noch
943 1983 57 19 aus
1022 1983 131 19 neuerer
1175 1974 177 35 Tradition,
1376 1976 135 27 sondern
1535 1985 56 19 aus
1615 1975 55 27 der
1693 1975 148 28 Antike.
1870 1975 124 28 Seinem
2017 1976 130 28 Aufbau
2169 1976 43 29 ist

839 2018 62 37 (für
919 2027 111 19 unsere
1050 2017 169 38 Kenntnis)
1240 2027 53 19 am
1309 2020 154 27 nächsten
1481 2019 165 28 verwandt
1665 2019 50 27 ein
1734 2019 119 28 freilich
1872 2029 60 18 nur
1950 2020 263 37 fragmentarisch

920 2122 22 30 1)
957 2123 126 26 Bartsch,
1107 2122 124 30 Caraglio
1248 2124 46 21 Nr.
1307 2131 86 21 9—23
1413 2124 127 29 (Daphne
1556 2124 47 22 Nr.
1618 2123 55 30 18);
1698 2123 194 27 Vasari-Labö,
1917 2124 66 22 Vita
2000 2124 25 23 di
2044 2124 109 24 Pierino
2170 2126 44 22 del

837 2158 85 29 Vaga,
937 2157 114 23 Florenz
1066 2165 74 20 1912,
1158 2158 25 22 S.
1196 2165 24 20 9,
1235 2165 41 22 93,
1293 2158 87 27 i2if.;
1395 2159 76 22 Labö
1484 2158 55 22 will
1551 2159 44 22 die
1610 2159 74 22 Serie
1697 2159 48 22 auf
1760 2166 30 22 17
1805 2159 79 22 Blatt
1896 2159 199 27 beschränken,
2110 2168 29 15 es
2151 2161 62 22 sind

837 2193 73 25 aber,
932 2192 51 23 wie
1003 2193 58 22 sich
1082 2200 49 15 aus
1152 2193 114 29 Naglers
1286 2194 135 29 Angaben
1441 2194 29 22 in
1490 2195 54 21 den
1565 2194 300 29 „Monogrammisten“
1889 2194 22 26 I,
1937 2201 75 22 1539,
2034 2195 179 23 einwandfrei

837 2228 97 29 ergibt,
953 2227 169 23 mindestens
1135 2235 33 15 20
1181 2235 129 23 gewesen.
1325 2229 62 22 Von
1400 2229 87 22 Rosso
1500 2236 90 15 waren
1603 2229 44 22 die
1659 2229 136 29 Vorlagen
1808 2237 32 14 zu
1855 2230 32 21 B.
1900 2236 31 16 22
1946 2230 57 22 und
2017 2237 41 23 23.
2073 2227 75 26 Über
2161 2231 53 22 den

837 2263 102 29 großen
963 2262 113 23 Einfluß
1095 2263 87 23 dieser
1203 2263 72 23 Serie
1293 2263 55 30 vgl.
1369 2264 84 22 außer
1472 2264 53 22 den
1542 2264 39 22 im
1599 2264 72 22 Text
1689 2266 159 28 genannten
1867 2265 95 22 Fällen
1981 2265 30 22 F.
2024 2265 92 27 Antal,
2139 2266 71 22 Krit.

838 2298 127 22 Berichte
982 2305 46 15 zur
1044 2298 175 29 kunstgesch.
1238 2299 53 22 Lit.
1306 2299 122 30 1928/29,
1453 2306 49 21 215
1521 2307 25 14 u.
1565 2299 110 30 passim.
1701 2300 57 22 Aus
1774 2307 128 15 unserem
1920 2300 78 22 Stich
2015 2300 92 23 wurde
2123 2301 89 22 ferner

837 2333 44 22 die
894 2333 118 30 Daphne
1024 2340 55 15 von
1093 2333 117 23 Salviati
1221 2333 28 22 in
1261 2334 76 22 einer
1349 2334 127 26 „Geburt
1488 2335 48 21 des
1548 2334 122 22 Adonis“
1685 2334 40 22 als
1736 2335 132 29 Myrrha
1881 2335 117 29 kopiert,
2015 2342 55 16 was
2082 2336 44 22 für
2138 2336 75 22 seine

838 2368 192 29 Beziehungen
1050 2376 63 14 zum
1133 2368 104 23 älteren
1257 2369 192 22 Manierismus
1468 2369 166 23 interessant
1654 2369 49 23 ist:
1727 2369 78 23 Stich
1825 2370 38 22 im
1883 2371 116 30 Verlage
2019 2371 117 22 Lafr^ris
2155 2378 57 15 von

840 2410 74 22 1544,
933 2404 71 21 Abb.
1016 2403 44 22 bei
1078 2404 31 22 E.
1121 2404 42 21 W.
1176 2404 94 26 Bredt,
1290 2405 56 21 Der
1365 2404 98 23 Götter
1479 2404 247 29 Verwandlungen,
1745 2405 139 22 München
1904 2412 74 21 1920,
1998 2405 53 27 III,
2073 2413 56 21 125.
2149 2406 61 22 Den

838 2438 114 22 Peneios
963 2438 127 23 variierte
1102 2438 174 23 Primaticcio
1286 2439 30 22 in
1327 2439 74 22 einer
1412 2440 261 29 Louvrezeichnung
1684 2448 33 14 zu
1730 2440 91 22 Diana
1832 2441 57 22 und
1902 2441 111 23 Aktäon
2023 2441 29 22 in
2064 2441 135 22 Fontaine­

837 2473 80 22 bleau
931 2473 60 29 (Les
1002 2474 73 26 Arts,
1087 2474 77 29 April
1176 2481 74 21 1905,
1263 2474 53 29 22).
1330 2475 56 21 Das
1397 2475 192 29 Daphneblatt
1598 2474 30 23 in
1639 2475 159 22 Bonasones
1808 2476 62 22 sehr
1881 2475 80 23 freier
1972 2475 82 30 Folge
2066 2476 144 26 „Amorosi

838 2508 98 22 Diletti
953 2508 72 30 degli
1042 2509 70 22 Dei"
1132 2509 41 29 (B.
1188 2509 58 30 157)
1265 2509 63 22 fällt
1345 2516 69 23 ganz
1430 2510 111 22 heraus:
1560 2510 60 22 eine
1638 2510 81 22 bloße
1737 2510 215 23 Alkovenszene.
