2464 3159
232 780 34 34 3.
288 765 288 39 BILDLICHE
597 759 470 42 DARSTELLUNGEN
1089 761 56 35 IN
1166 758 373 40 MITTELALTER

635 823 112 38 UND
770 820 369 40 RENAISSANCE

276 911 189 36 Überblickt
490 924 75 19 man
589 914 50 28 die
663 910 284 40 Formulierungen
970 911 56 27 der
1050 909 212 41 Daphnesage
1285 910 33 28 in
1342 910 55 29 der
1420 910 157 28 antiken

196 960 171 33 bildenden
386 960 106 28 Kunst
500 958 12 16 1
514 958 21 37 ),
554 967 35 19 so
606 957 82 29 sieht
707 965 75 20 man
799 955 130 35 schnell,
948 955 63 27 daß
1028 956 51 29 ihr
1096 954 50 29 die
1165 954 205 39 Darstellung
1387 954 55 29 der
1459 953 106 29 Verfol­

195 1016 86 30 gung
302 1005 65 30 fast
388 1004 84 29 noch
493 1002 136 38 weniger
650 999 156 40 gelungen
827 1000 42 29 ist
891 1000 47 28 als
960 999 50 28 die
1033 1000 55 29 der
1111 997 242 40 Verwandlung,
1377 998 104 29 sofern
1504 1006 74 20 man

197 1068 41 6 —
250 1050 99 30 selbst
362 1049 35 27 in
410 1047 126 30 starker
549 1046 222 38 Bescheidung
783 1062 41 3 —
837 1045 62 28 den
914 1043 151 31 Maßstab
1078 1042 56 31 des
1147 1039 273 33 Transitorischen
1433 1051 42 19 an
1488 1041 91 29 beide

197 1095 75 40 legt.
294 1094 56 29 Bei
371 1093 55 28 der
446 1101 53 20 am
518 1089 135 30 meisten
673 1087 238 37 „klassischen“
932 1087 206 40 Darstellung
1157 1086 115 40 gleicht
1293 1087 56 28 das
1371 1085 106 30 Ganze
1496 1084 84 29 einer

196 1138 135 41 ruhigen
350 1135 248 40 Unterhaltung,
617 1134 115 29 andere
750 1133 101 39 geben
868 1143 61 18 nur
947 1133 101 37 wenig
1066 1131 90 30 mehr
1173 1141 41 18 an
1233 1130 187 38 Bewegung.
1439 1130 49 27 An
1507 1128 60 29 Ver­

198 1181 173 42 wandlung
384 1181 70 38 gibt
468 1179 58 30 das
539 1178 115 30 relativ
669 1177 111 30 meiste
795 1177 50 29 die
860 1177 161 29 bekannte
1035 1173 232 33 hellenistische
1283 1172 297 40 Borghese-Statue,

200 1227 82 32 doch
302 1226 82 30 auch
404 1225 44 29 sie
468 1223 96 31 wirkt
584 1223 90 29 mehr
694 1222 56 29 wie
770 1222 50 29 ein
840 1231 64 19 von
924 1219 220 32 dekorativem
1165 1218 144 39 Gezweig
1328 1217 255 39 übersponnener

201 1271 47 32 als
262 1272 58 28 wie
335 1270 51 30 ein
401 1268 230 30 verwandelter
648 1267 139 37 Körper;
803 1266 50 28 die
868 1264 138 30 anderen
1021 1263 101 40 geben
1137 1263 64 30 fast
1217 1261 239 32 ausschließlich
1473 1261 94 29 Kom­

201 1313 227 33 binationen
448 1322 65 20 von
534 1311 219 40 Vegetabilem
773 1310 67 29 und
861 1308 256 31 Menschlichem.

283 1360 44 28 Es
345 1357 179 40 entspricht
544 1364 134 21 unseren
697 1353 151 38 heutigen
867 1352 245 40 Vorstellungen
1130 1360 65 20 von
1214 1351 62 30 den
1295 1348 288 40 „Möglichkeiten“

203 1403 55 31 der
279 1401 291 31 mittelalterlichen
590 1398 170 31 bildenden
782 1398 106 29 Kunst
909 1396 232 36 anzunehmen,
1162 1395 63 28 daß
1245 1395 57 28 das
1321 1394 140 29 eminent
1480 1395 92 27 räum­

201 1445 275 42 lich-körperliche
497 1444 148 30 Problem
665 1442 55 29 der
741 1441 234 39 Verwandlung
994 1441 50 28 ihr
1064 1449 61 20 nur
1145 1439 33 28 in
1198 1438 103 30 einem
1321 1438 140 38 Umfang
1480 1436 105 30 lösbar

201 1500 144 31 gewesen
364 1490 54 34 ist,
440 1489 56 28 der
517 1489 101 28 durch
640 1487 50 29 die
711 1484 185 40 spätantike
919 1485 121 29 Raum-
1060 1483 68 30 und
1150 1481 333 40 Körperanschauung
1502 1480 72 38 prin­

203 1535 103 40 zipiell
324 1532 187 40 abgesteckt
528 1542 75 19 war.
623 1531 74 29 Man
714 1529 80 30 wird
810 1529 67 29 also
894 1529 82 28 auch
994 1537 64 20 von
1076 1527 68 30 hier
1161 1537 57 18 aus
1235 1527 88 28 nicht
1341 1528 164 32 erwarten,
1524 1524 63 29 daß

203 1580 57 30 das
274 1577 186 32 Mittelalter
473 1575 246 41 Darstellungen
733 1575 55 29 der
801 1572 234 39 Verwandlung
1048 1571 154 40 Daphnes
1214 1568 268 42 hervorgebracht
1494 1568 92 35 habe,

203 1624 50 30 die
265 1626 45 27 im
321 1623 153 39 heutigen
488 1622 95 29 Sinne
595 1618 222 33 transitorisch
830 1618 129 29 wirken.
974 1618 59 28 Die
1046 1617 142 29 früheste
1201 1615 160 30 bekannte
1375 1612 213 40 Darstellung,

204 1669 51 31 die
281 1667 152 30 Miniatur
457 1667 34 28 in
516 1666 85 28 einer
621 1663 100 31 Ovide
747 1660 372 32 moralise-Handschrift
1144 1660 55 28 der
1224 1655 310 34 Arsenalbibliothek
1557 1657 33 28 in

206 1712 98 38 Paris,
316 1711 50 31 die
376 1710 165 30 stilistisch
552 1710 56 28 auf
618 1709 57 29 das
686 1707 108 31 zweite
806 1707 117 28 Viertel
935 1706 54 29 des
1002 1714 46 28 14.
1063 1703 236 40 Jahrhunderts
1310 1703 88 29 weist
1412 1702 92 37 (Abb.
1517 1700 29 38 3)
1555 1700 11 17 2
1569 1701 20 37 ),

205 1755 154 42 bestätigt
380 1756 85 28 diese
485 1754 207 38 Erwartung:
714 1761 64 20 von
799 1750 233 39 Verwandlung
1052 1750 88 28 kann
1159 1748 67 28 hier
1246 1758 60 18 nur
1326 1748 45 28 im
1392 1746 94 29 Sinne
1506 1745 85 29 eines

206 1799 193 39 Perfectum,
417 1799 90 29 nicht
524 1799 87 28 eines
629 1798 136 29 Präsens
780 1794 197 41 gesprochen
995 1794 138 28 werden.
1151 1792 139 39 Daphne
1307 1792 43 29 ist
1369 1789 225 31 Baumstamm

206 1846 72 39 plus
298 1843 218 32 Blätterkelch
537 1843 72 37 plus
631 1839 247 33 menschlichem
899 1839 89 38 Kopf
1007 1839 68 28 und
1095 1836 177 39 entspricht
1293 1835 102 29 damit
1417 1833 175 38 prinzipiell

207 1890 74 31 dem
304 1889 121 39 Typus,
452 1887 55 29 der
531 1887 33 28 in
590 1888 55 27 der
670 1880 474 34 orientalisch-hellenistischen
1172 1880 200 39 Spätantike,
1398 1877 194 29 namentlich

206 1935 58 30 auf
288 1933 188 39 koptischen
494 1930 246 40 Darstellungen
762 1939 57 20 um
837 1935 162 30 300—400
1016 1926 84 30 öfter
1118 1925 183 29 vorkommt
1319 1923 68 30 und
1404 1921 189 30 vermutlich

209 1978 104 31 direkt
339 1978 33 29 in
389 1971 230 44 Ägyptischem
639 1974 140 30 wurzelt.
783 1973 12 18 3
798 1974 8 36 )
828 1972 150 39 Dagegen
998 1971 41 28 ist
1060 1971 47 29 als
1127 1979 62 19 neu
1208 1966 226 37 festzustellen,
1455 1967 62 28 daß
1538 1964 56 30 das

211 2023 140 30 Moment
378 2023 55 27 der
453 2020 193 38 Verfolgung
664 2018 68 28 hier
752 2018 59 29 mit
832 2014 302 32 bemerkenswerter
1154 2013 133 40 Energie
1307 2022 56 19 zur
1383 2010 212 38 Anschauung

295 2111 22 29 1)
332 2110 130 24 Valentin
488 2108 105 28 Müller,
615 2107 51 23 Die
686 2106 96 31 Typen
809 2106 48 22 der
881 2101 352 35 Daphne-Darstellungen,
1253 2101 73 22 Mitt.
1348 2100 26 22 d.
1396 2099 25 22 d.
1443 2096 153 31 archäolog.

214 2146 79 27 Inst.,
311 2146 79 23 Röm.
408 2146 65 22 Abt.
491 2143 101 29 XLIV,
611 2148 75 23 1929,
704 2141 69 31 59H.
789 2155 36 4 —
848 2141 51 22 Die
915 2137 188 33 Abhandlung
1121 2137 85 23 leidet
1222 2136 95 27 daran,
1334 2134 55 23 daß
1405 2134 49 22 das
1470 2131 127 25 Problem

214 2181 48 24 der
270 2181 189 23 literarischen
469 2173 217 37 Überlieferung,
706 2177 57 24 also
774 2177 48 23 des
833 2174 212 25 Unterschiedes
1056 2173 135 23 zwischen
1202 2171 48 25 der
1260 2169 143 33 spezifisch
1414 2167 184 31 griechischen

215 2214 151 30 „Ersatz“-
382 2216 57 22 und
457 2215 49 23 der
524 2211 384 34 „Verwandlungs"-Version
933 2210 31 31 (s.
983 2216 118 16 unseren
1119 2207 110 23 Exkurs
1240 2207 23 30 I)
1283 2205 157 31 überhaupt
1458 2202 77 24 nicht
1552 2202 34 22 be­

215 2251 96 25 achtet
326 2251 76 24 wird.
418 2252 62 22 Von
494 2250 101 24 älterer
609 2248 141 25 Literatur
771 2248 37 23 ist
824 2247 43 23 die
882 2244 223 26 weitschauende
1121 2243 57 23 und
1193 2249 57 17 von
1265 2237 268 28 außerordentlicher
1548 2238 40 21 Be­

214 2286 136 25 lesenheit
365 2287 137 29 zeugende
516 2283 188 31 Abhandlung
718 2291 56 16 von
790 2280 241 27 Raoul-Rochette
1048 2279 51 31 (in:
1123 2278 88 23 Choix
1225 2277 34 25 de
1274 2276 140 32 peintures
1428 2274 34 23 de
1477 2272 121 31 Pompöi.

216 2322 78 25 Paris
314 2321 77 31 1844)
410 2321 215 30 nachzutragen.

296 2358 25 24 2I
337 2356 72 24 Bibi,
432 2357 33 22 de
483 2356 80 23 l'Ars.
575 2356 50 22 Ms.
637 2356 68 29 5069
718 2354 46 24 fol.
777 2361 42 24 4r.
840 2367 36 3 —
896 2354 41 22 De
951 2352 72 23 Boer
1038 2351 30 29 (s.
1080 2350 73 23 Text
1164 2349 22 30 I)
1211 2349 21 25 I,
1246 2348 26 23 S.
1284 2354 32 24 45
1339 2346 47 23 Nr.
1400 2344 44 27 G*,
1467 2351 49 15 aus
1536 2342 64 23 dem

217 2393 93 24 Besitz
336 2399 56 16 von
410 2390 110 24 Charles
540 2392 34 22 de
592 2390 80 31 Croy,
693 2390 95 31 prince
806 2390 34 22 de
859 2387 125 32 Chimay,
1003 2388 71 28 gest.
1095 2391 74 22 1527,
1188 2383 55 31 vgl.
1264 2382 68 24 über
1350 2380 75 24 seine
1441 2377 161 24 Bibliothek

214 2427 143 33 Alphonse
377 2428 102 29 Bayot,
494 2426 104 24 Martin
616 2426 24 22 le
660 2426 97 22 Franc.
777 2423 113 25 L'estrif
908 2423 34 23 de
961 2422 124 23 Fortune
1102 2421 29 21 et
1149 2419 34 23 de
1198 2418 95 28 Vertu,
1313 2416 75 29 1928,
1402 2421 28 24 p.
1444 2419 98 25 2isqq.
1560 2418 42 23 55.

217 2465 52 23 Die
280 2465 49 23 Hs.
346 2462 72 24 auch
432 2462 124 23 erwähnt
576 2469 56 15 von
642 2461 32 23 E.
686 2461 79 27 Male,
781 2459 78 25 L’art
872 2457 132 32 religieux
1018 2457 37 22 du
1077 2462 40 23 13.
1130 2462 30 19 s.,
1176 2453 77 25 Paris
1269 2459 74 23 1923,
1362 2452 25 23 S.
1401 2457 58 23 342.
1475 2448 69 24 Eine
1558 2454 32 22 ge­

217 2500 95 31 plante
329 2497 99 25 Arbeit
449 2504 55 16 von
523 2497 116 22 Durrieu
657 2496 68 22 über
734 2491 279 35 Oviddarstellungen
1028 2492 48 23 des
1089 2498 39 21 14.
1140 2487 202 34 Jahrhunderts
1359 2487 29 30 (s.
1400 2483 130 32 Comptes
1543 2489 60 16 ren-

218 2536 52 23 dus
284 2536 48 23 des
347 2534 111 23 süances
470 2532 34 24 de
514 2531 70 23 l’Ac.
597 2532 48 22 des
656 2531 85 23 Inscr.
758 2532 74 28 1916,
847 2530 59 30 191)
920 2529 38 23 ist
971 2528 78 23 nicht
1063 2525 79 24 mehr
1155 2522 167 26 erschienen.

302 2571 24 30 3)
343 2568 131 25 Valentin
492 2567 98 24 Müller
608 2574 24 15 a.
645 2573 24 16 a.
682 2566 31 23 O.
737 2566 25 24 S.
775 2565 57 31 63!.
853 2572 26 16 u.
893 2564 68 31 7iff.
