2409 3159
575 2942 189 28 ■■MMNP

575 2942 189 28 ■■MMNP

1101 765 34 24 2.
1157 755 107 36 ZUM
1286 754 672 47 DARSTELLUNGSPROBLEM

924 839 64 29 Um
1004 840 52 30 die
1073 840 235 41 Entwicklung,
1326 844 52 30 die
1394 846 52 28 die
1463 846 208 41 Darstellung
1688 849 56 28 der
1761 849 223 41 Daphnefabel
2000 862 78 20 vom
2094 853 124 39 Beginn

843 882 49 31 bis
907 893 73 19 zum
996 884 46 29 18.
1058 885 219 39 Jahrhundert
1292 887 208 32 durchlaufen
1513 890 68 36 hat,
1598 901 40 18 zu
1652 892 178 37 verstehen,
1844 896 42 29 ist
1901 906 33 19 es
1947 898 67 36 gut,
2030 897 115 29 vorher
2160 897 57 30 das

844 925 172 33 Problem
1035 928 55 29 der
1109 929 204 40 Darstellung
1332 931 78 30 kurz
1428 943 40 19 zu
1487 934 206 40 analysieren.

922 970 66 29 Wir
1005 972 109 29 halten
1133 983 59 19 uns
1211 983 39 19 zu
1269 975 118 29 diesem
1404 976 112 31 Zweck
1534 979 154 30 zunächst
1707 990 41 18 an
1768 981 175 40 diejenigen
1963 983 176 39 Lösungen,
2165 985 50 30 die

842 1013 57 30 das
909 1013 303 33 Transitorische
1223 1017 54 29 des
1287 1018 162 30 Vorwurfs
1460 1021 59 29 mit
1530 1021 207 32 besonderem
1746 1024 192 32 Nachdruck
1947 1027 267 31 herausarbeiten.

841 1056 45 30 Es
899 1058 69 38 gibt
982 1059 159 29 natürlich
1156 1061 81 29 auch
1252 1061 183 39 Fassungen
1449 1081 41 4 —
1503 1065 68 29 und
1585 1076 32 18 es
1632 1067 80 28 wird
1725 1077 63 20 von
1802 1070 97 29 ihnen
1913 1071 82 30 noch
2009 1081 39 19 zu
2063 1072 152 39 sprechen

839 1101 67 29 sein
922 1119 42 4 —
978 1103 50 29 die
1045 1103 57 29 das
1118 1103 249 33 Transitorische
1384 1107 90 29 mehr
1491 1107 75 31 oder
1582 1110 136 38 weniger
1734 1111 129 30 bewußt
1880 1114 195 36 vermeiden;
2092 1117 75 27 aber
2182 1127 33 19 es

838 1143 43 31 ist
904 1146 82 29 doch
1007 1147 177 35 zweifellos,
1207 1148 64 28 daß
1293 1149 51 28 die
1366 1150 227 41 Hauptlinie
1615 1153 56 29 der
1693 1155 226 40 Entwicklung
1939 1167 41 19 zu
2000 1159 114 29 immer
2134 1162 68 27 stär­

839 1188 89 31 kerer
945 1190 171 39 Betonung
1131 1190 100 31 dieser
1247 1192 34 37 ja
1297 1194 81 28 auch
1394 1195 33 27 in
1445 1195 101 30 Ovids
1561 1197 84 29 Text
1662 1207 40 19 zu
1718 1198 290 33 Vollkommenheit
2023 1203 192 39 gebrachten

840 1232 66 30 und
927 1233 52 29 für
1001 1244 112 19 unsere
1136 1234 220 41 Empfindung
1378 1237 227 33 entscheidend
1625 1241 169 40 wichtigen
1817 1245 96 29 Form
1934 1245 126 39 drängt,
2084 1247 50 28 die
2156 1247 59 30 seit

840 1276 56 29 der
917 1277 212 31 Renaissance
1149 1279 50 30 die
1218 1280 209 30 herrschende
1446 1282 52 30 ist.

919 1321 101 29 Unter
1037 1322 139 30 diesem
1193 1323 251 41 Gesichtspunkt
1461 1327 87 29 stellt
1564 1329 67 28 sich
1648 1329 58 30 das
1722 1331 147 30 Problem
1884 1342 35 20 so
1935 1333 72 29 dar:
2025 1334 43 30 Es
2083 1334 132 30 handelt

836 1363 67 30 sich
918 1374 57 20 um
989 1366 51 28 die
1053 1366 205 41 Darstellung
1270 1368 85 29 eines
1368 1370 174 39 Vorgangs,
1558 1372 34 30 in
1606 1373 74 30 dem
1693 1375 202 40 Verfolgung,
1913 1377 124 36 Flucht,
2054 1378 161 30 Anhalten

836 1408 67 30 und
923 1409 232 41 Verwandlung
1173 1412 196 41 gleichzeitig
1388 1414 149 30 wirksam
1556 1415 81 32 sind.
1659 1418 66 30 Das
1744 1419 99 35 heißt,
1864 1430 33 21 es
1917 1421 56 30 soll

917 1461 27 20 1.
957 1454 34 28 in
1004 1455 136 37 Apollo
1152 1455 197 40 gleichzeitig
1362 1458 58 29 das
1432 1458 134 37 Laufen,
1580 1462 183 38 Zupacken,
1777 1464 171 30 Erkennen
1961 1465 67 30 und
2040 1466 173 35 Anhalten,

916 1505 27 21 2.
957 1498 32 27 in
1009 1499 155 38 Daphne
1183 1500 197 40 gleichzeitig
1398 1503 57 28 das
1473 1504 172 37 Anhalten,
1665 1507 116 30 Flehen
1800 1509 66 29 und
1885 1509 327 33 Verwandeltwerden

834 1540 124 41 gezeigt
979 1542 135 30 werden.
1137 1544 45 29 Es
1200 1544 78 40 liegt
1299 1546 66 29 also
1386 1547 50 28 ein
1457 1546 405 46 Bewegungsproblem
1881 1563 68 20 vor.

914 1586 161 31 Zunächst
1096 1588 51 28 bei
1169 1589 148 39 Apollo:
1341 1591 45 29 Es
1406 1593 80 29 wird
1507 1595 41 27 da
1568 1594 141 30 insofern
1730 1597 78 29 über
1830 1599 50 29 die
1902 1599 206 40 Darstellung
2128 1600 85 30 eines

835 1628 182 32 Moments
1044 1630 288 43 hinausgegangen,
1367 1637 46 27 als
1439 1636 197 41 gleichzeitig
1663 1640 75 28 zwei
1765 1642 44 28 im
1839 1641 129 32 Grunde
1995 1643 217 31 sukzessive

835 1672 143 38 Stadien,
998 1676 141 29 nämlich
1161 1677 123 30 Laufen
1305 1679 67 29 und
1389 1681 161 29 Anhalten
1571 1683 204 31 anschaulich
1793 1685 148 40 gemacht
1960 1687 124 30 werden
2103 1688 108 31 sollen.

832 1717 112 30 Damit
958 1720 113 29 taucht
1085 1721 52 28 für
1151 1730 59 20 uns
1224 1721 57 29 das
1292 1723 148 30 Problem
1453 1725 55 30 des
1518 1726 230 36 „fruchtbaren
1759 1728 178 32 Moments“
1948 1731 65 35 auf,
2028 1732 57 29 das
2098 1732 114 39 jedoch

830 1760 69 30 hier
911 1762 69 29 eine
994 1762 236 33 überraschend
1242 1765 143 31 einfache
1395 1769 129 39 Lösung
1535 1780 41 20 zu
1589 1771 111 29 finden
1713 1772 111 39 pflegt.
1840 1775 59 29 Die
1911 1775 153 30 Künstler
2072 1776 140 31 nämlich

831 1813 104 22 waren
949 1807 33 28 in
996 1808 55 28 der
1067 1809 97 39 Regel
1177 1810 33 28 in
1223 1812 99 27 erster
1337 1811 88 30 Linie
1439 1812 154 38 bestrebt,
1608 1815 114 38 Apollo
1735 1834 42 4 —
1789 1819 48 28 oft
1851 1819 45 29 im
1912 1819 176 41 Gegensatz
2102 1831 39 18 zu
2156 1820 54 31 der

831 1848 216 33 anhaltenden
1071 1854 67 27 und
1160 1853 67 30 sich
1250 1855 266 32 verwandelnden
1539 1859 139 40 Daphne
1701 1878 41 3 —
1762 1863 97 29 noch
1880 1863 171 36 laufend,
2075 1865 31 28 d.
2118 1866 33 27 h.
2175 1866 34 28 in

828 1892 104 31 einem
951 1895 199 39 Augenblick
1168 1898 55 29 der
1243 1898 221 42 Laufstellung
1482 1902 269 41 wiederzugeben.
1771 1906 111 31 Damit
1902 1908 75 30 aber
1997 1907 211 32 unterwarfen

829 1936 44 30 sie
889 1938 78 35 sich,
984 1949 75 20 man
1075 1942 72 28 darf
1162 1951 95 31 sagen
1274 1944 242 37 unwillkürlich,
1534 1947 74 30 dem
1626 1948 112 30 Gesetz
1745 1949 12 17 1
1757 1949 22 39 ),
1797 1950 130 31 wonach
1943 1951 50 30 ein
2010 1954 185 34 „momenta­

830 1980 76 30 ner"
927 1982 188 32 Ausschnitt
1134 1995 58 21 aus
1211 1986 104 30 einem
1334 1987 340 45 Bewegungsvorgang
1692 1993 240 41 notgedrungen
1952 1996 61 28 den
2033 1995 175 32 Charakter

828 2024 55 30 des
902 2026 195 36 Erstarrten,
1118 2029 283 42 Bewegungslosen
1419 2033 112 36 erhält,
1553 2035 67 30 und
1639 2037 102 29 damit
1759 2037 42 30 ist
1821 2039 57 30 das
1897 2039 142 40 spezielle
2060 2040 148 31 Problem

826 2069 115 39 gerade
960 2071 102 30 dieses
1081 2072 159 32 Moments
1258 2076 49 28 oft
1325 2076 173 40 gleichsam
1515 2080 217 31 automatisch
1750 2082 111 38 gelöst,
1882 2083 58 29 das
1959 2083 173 31 Plötzliche
2151 2085 56 31 des

827 2113 221 36 „Anhaltens"
1075 2117 97 30 schon
1198 2118 33 29 in
1258 2120 55 28 der
1339 2120 148 32 üblichen
1513 2124 206 40 Darstellung
1744 2125 55 30 des
1825 2125 141 39 „Laufs“
1994 2128 211 40 mitgegeben.

829 2156 122 32 Gerade
965 2159 154 35 dadurch,
1133 2161 65 30 daß
1210 2172 34 19 es
1256 2164 68 28 sich
1337 2164 106 31 nicht
1456 2177 57 19 um
1524 2167 71 30 eine
1611 2168 97 30 Szene
1720 2170 144 35 handelt,
1878 2170 51 31 die
1942 2172 83 29 nach
2039 2172 167 32 moderner

824 2201 216 40 Anschauung
1066 2204 55 38 (im
1144 2204 233 34 theoretischen
1401 2210 57 30 wie
1482 2211 205 40 praktischen
1713 2213 106 39 Sinne)
1845 2215 50 29 die
1919 2214 207 41 Wiedergabe
2150 2219 54 28 der

825 2244 160 43 „Y)pepia"
1014 2247 44 29 im
1083 2248 94 30 Sinne
1199 2251 200 38 potentieller
1420 2253 215 41 „Anweisung
1656 2257 56 29 auf
1731 2256 202 41 Bewegung"
1955 2260 184 40 notwendig
2157 2271 33 21 er­

824 2289 131 37 fordert,
975 2292 43 28 ist
1039 2291 50 30 die
1109 2292 125 32 übliche
1255 2295 127 39 Lösung
1401 2297 58 30 wie
1479 2309 64 18 von
1562 2300 99 30 selbst
1682 2302 50 28 die
1753 2301 186 41 „richtige".
1944 2303 12 16 2
1957 2304 9 38 )

905 2386 24 30 1)
943 2386 62 31 Vgl.
1027 2388 119 24 darüber
1167 2390 103 25 zuletzt
1290 2392 45 23 die
1356 2393 149 32 wichtigen
1525 2395 216 33 Ausführungen
1763 2406 56 16 von
1841 2399 32 24 E.
1896 2400 148 32 Panofsky,
2068 2402 131 25 Albrecht

824 2420 103 26 Dürers
938 2422 191 32 rhythmische
1142 2424 101 29 Kunst,
1259 2427 143 31 Jahrbuch
1413 2428 18 23 f.
1446 2428 285 28 Kunstwissenschaft
1744 2435 75 28 1926,
1837 2434 56 24 bes.
1913 2435 26 23 S.
1954 2435 84 31 I4iff.

904 2457 25 30 2)
944 2453 76 28 Über
1031 2459 44 24 die
1088 2460 86 28 Rolle,
1187 2461 43 24 die
1242 2462 76 23 dann
1328 2463 29 23 in
1368 2463 215 34 Darstellungen
1594 2467 48 23 des
1656 2469 40 22 16.
1709 2469 43 22 bis
1765 2470 40 23 18.
1820 2469 205 33 Jahrhunderts
2036 2471 44 25 die
2090 2472 97 25 Neben­

823 2489 109 33 figuren
951 2494 112 31 spielen,
1086 2496 56 22 und
1164 2496 67 24 über
1252 2498 49 23 das
1321 2498 90 24 damit
1431 2498 179 27 verbundene
1631 2503 129 24 Problem
1780 2505 48 23 der
1850 2504 184 26 Zeit-Einheit
2054 2506 144 27 innerhalb

823 2532 56 18 von
896 2527 110 32 Haupt-
1024 2530 55 23 und
1096 2530 198 27 Nebenszenen
1309 2534 55 30 vgl.
1381 2534 94 25 weiter
1491 2538 88 23 unten
1598 2538 72 30 Kap.
1682 2546 24 22 5.
