2409 3159
825 347 41 31 62

2125 355 78 22 Texte

824 421 110 34 tempo
947 417 78 27 solo.
1028 417 12 16 1
1042 417 9 36 )
1068 416 127 28 Laonde
1215 416 23 27 il
1256 415 110 37 Signor
1387 414 89 29 Carlo
1497 425 58 19 con
1575 415 208 37 grandissima
1802 416 157 28 industria
1979 416 82 28 della
2080 426 57 19 sua
2157 418 46 27 in-

823 461 154 27 venzione
997 460 43 27 ha
1060 463 116 33 saputo
1197 460 89 27 unire
1306 459 132 29 insieme
1459 460 115 36 quello,
1596 459 57 28 che
1676 459 115 28 Ovidio
1811 459 159 37 distingue
1990 459 33 28 in
2044 460 56 36 piü
2119 461 84 36 parti

823 503 51 29 ne’
894 504 71 27 suoi
983 503 95 33 versi,
1100 513 17 18 e
1138 503 124 28 variare
1283 503 11 27 i
1315 503 100 28 mezzi
1434 513 57 27 per
1510 503 149 37 giungere
1680 503 49 28 col
1749 503 101 28 Poeta
1870 502 41 27 ad
1932 512 43 18 un
1996 503 64 28 fine
2080 504 122 33 istesso,

824 547 162 37 togliendo
1009 547 40 27 ed
1072 547 218 36 aggiungendo
1314 547 115 36 quello,
1454 547 57 27 che
1535 547 107 27 divide
1665 545 133 29 l’azione
1822 555 19 18 o
1863 546 31 27 la
1918 546 182 37 congiunge.
2125 547 79 29 Con-

823 591 170 28 sideriamo
1012 591 128 37 dunque
1156 591 24 27 il
1197 591 95 27 modo
1309 590 137 33 diverso,
1465 599 16 19 e
1498 591 32 27 la
1547 589 155 30 diversitä
1719 589 74 28 dell’
1812 589 145 29 artificio.

905 635 28 27 II
944 637 98 34 poeta
1054 634 155 28 comincia
1220 635 32 27 la
1264 634 109 28 favola
1385 634 53 27 dal
1451 636 171 32 contrasto,
1637 643 16 18 e
1667 633 117 28 disfida
1797 633 33 28 di
1842 633 158 37 Apolline,
2014 643 16 18 e
2044 634 32 27 di
2089 633 116 30 Amore

823 687 96 28 sopra
938 679 32 26 la
991 680 138 34 potenza
1150 678 82 28 delle
1252 678 68 28 loro
1340 680 113 26 saette.
1478 678 28 27 Il
1528 677 122 28 Pittore
1672 677 150 28 tralascia
1844 679 114 35 questa
1979 677 103 37 prima
2104 681 100 33 parte,

824 731 89 19 come
929 725 117 33 troppo
1061 721 171 37 disgiunta,
1250 731 16 18 e
1283 722 34 27 di
1332 721 109 28 azione
1458 721 135 33 diversa,
1611 731 16 18 e
1644 721 157 37 principia
1818 720 75 28 dall’
1910 720 115 28 ultima
2040 730 16 18 e
2073 721 53 27 dal
2141 721 64 28 fine

824 765 84 28 della
925 766 109 27 favola
1048 765 123 34 istessa,
1196 765 57 28 che
1272 775 16 18 e
1304 765 31 28 la
1353 765 132 27 vittoria
1503 765 31 27 di
1552 765 125 32 Amore,
1696 764 124 28 avendo
1837 764 61 37 egli
1914 764 32 28 in
1964 764 88 28 virtü
2069 764 50 28 de’
2137 765 69 27 suoi

822 810 92 27 strali
931 812 151 33 superato
1105 809 146 37 Apolline
1268 809 24 27 il
1309 808 56 38 piü
1382 811 148 34 possente
1549 808 141 28 Arciero:
1711 811 89 34 parte
1819 808 33 28 in
1870 817 76 19 vero
1965 808 63 28 alla
2046 817 57 19 sua
2121 809 85 36 prin-

823 853 103 37 cipale
947 853 111 28 azione
1080 853 100 27 molto
1201 853 62 28 ben
1285 852 207 29 accomodata
1513 852 39 27 ed
1573 852 101 28 unita.
1698 852 89 28 Onde
1808 852 278 37 ingegnosamente
2107 852 99 28 intro-

823 897 80 28 duce
918 896 154 37 Cupidine
1085 897 34 27 in
1133 897 76 32 aria,
1225 896 58 28 che
1297 896 194 28 baldanzoso
1505 896 84 27 della
1603 895 134 28 vittoria
1751 899 100 34 parte,
1867 897 39 27 ed
1919 896 103 28 inalza
2037 905 55 28 per
2106 899 100 25 vanto

822 940 23 28 li
862 940 92 28 strali
971 950 16 17 e
1005 939 22 29 1’
1046 949 83 19 arco.
1150 940 28 27 Il
1196 940 77 37 quäl
1290 942 148 26 concetto
1457 949 64 18 non
1539 939 93 28 viene
1651 939 182 28 altrimente
1852 940 153 27 descritto
2024 940 53 29 dal
2095 940 108 34 Poeta,

824 994 53 18 ma
893 984 35 28 fu
946 993 59 19 con
1025 984 101 27 molta
1143 983 165 37 proprietä
1325 983 152 37 aggiunto
1495 982 54 28 dal
1567 983 132 32 Pittore,
1719 983 187 36 seguitando
1924 983 281 29 indivisibilmente

822 1028 23 27 il
863 1027 86 28 fatto
968 1027 188 37 principale,
1177 1027 58 27 che
1254 1028 219 35 rappresenta.

903 1071 46 28 La
964 1071 105 36 prima
1084 1081 16 18 e
1117 1070 176 37 principale
1310 1070 109 27 azione
1436 1069 84 28 nella
1535 1069 104 37 figura
1655 1069 33 27 di
1704 1069 114 33 Dafne,
1836 1070 34 27 fu
1887 1079 116 19 ancora
2018 1071 54 27 dal
2087 1071 118 36 pittore

822 1114 122 29 ridotta
964 1114 54 28 all’
1039 1114 93 28 unita
1151 1123 59 18 con
1230 1116 94 25 tanta
1344 1113 173 37 proprietä,
1539 1122 16 18 e
1576 1113 118 27 unione
1714 1113 33 27 di
1767 1113 82 27 moti
1868 1123 16 18 e
1905 1114 33 27 di
1958 1114 116 33 affetti,
2096 1115 57 27 che
2172 1115 34 28 in

824 1168 43 18 un
886 1161 110 34 tempo
1016 1158 67 27 solo
1101 1157 157 28 s’intende
1274 1157 26 27 il
1319 1166 98 24 corso,
1437 1156 156 33 l’arresto,
1613 1156 33 28 la
1664 1156 262 29 trasformazione
1946 1166 16 18 e
1980 1157 32 28 la
2030 1157 85 37 fuga.
2135 1158 72 37 Egli

824 1201 16 29 &
860 1211 85 23 vero,
967 1201 59 28 che
1049 1201 106 28 Giulio
1176 1201 145 27 Romano
1341 1200 162 28 essendosi
1523 1203 154 34 proposta
1695 1200 32 27 la
1747 1200 174 29 medesima
1942 1200 129 35 Favola,
2092 1211 65 19 non
2175 1202 32 28 la

822 1245 123 28 ridusse
963 1244 53 29 all’
1035 1245 100 32 unita,
1156 1244 71 28 anzi
1242 1244 32 28 la
1292 1244 102 28 divise
1412 1253 16 19 e
1446 1244 178 37 raddoppiö
1641 1244 33 28 in
1692 1243 171 29 un’istessa
1880 1244 170 38 immagine
2069 1254 58 19 con
2146 1246 61 28 due

820 1292 148 34 separate
988 1288 114 29 azioni.
1124 1288 94 28 Finse
1238 1288 112 28 avanti
1370 1288 103 28 Dafne
1492 1288 34 27 in
1545 1288 85 36 fuga,
1651 1287 160 37 seguitata
1832 1287 41 28 da
1892 1288 162 37 Apolline;
2075 1289 80 28 finse
2175 1290 32 27 di

821 1333 133 28 lontano
972 1332 149 33 l’istessa,
1144 1332 58 28 che
1217 1331 27 29 si
1258 1332 172 28 trasforma
1444 1332 33 28 in
1492 1331 106 29 frondi
1612 1335 51 24 tra
1676 1332 30 28 le
1722 1331 125 28 braccia
1862 1331 74 28 dell’
1952 1332 96 28 avido
2063 1336 143 31 amante;

824 1376 36 28 fu
879 1377 100 27 molto
997 1376 127 28 erudito
1146 1376 115 33 Giulio,
1281 1376 40 28 ed
1339 1376 81 27 ebbe
1438 1376 34 28 in
1491 1375 49 29 ciö
1558 1385 57 27 per
1633 1375 96 38 guida
1747 1375 22 27 li
1789 1375 120 28 antichi
1927 1375 121 38 pittori,
2069 1376 57 28 che
2146 1377 61 28 alle

824 1421 87 27 volte
928 1420 53 28 nel
997 1420 96 28 modo
1108 1420 122 34 istesso,
1249 1429 16 18 e
1282 1419 73 29 nell’
1371 1420 115 28 istessa
1502 1419 107 28 favola
1627 1419 255 37 moltiplicarono
1899 1420 101 28 azioni
2017 1420 122 28 diverse
2157 1421 51 28 del

823 1465 68 27 loro
907 1467 157 34 soggetto,
1083 1473 89 19 come
1189 1474 40 18 ne
1245 1467 129 25 restano
1391 1473 18 18 a
1426 1464 54 27 noi
1495 1464 23 27 li
1534 1463 119 38 esempj
1672 1463 83 28 nelle
1772 1463 185 28 descrizioni
1973 1464 33 27 di
2023 1464 182 34 Filostrato,

824 1517 16 19 e
861 1508 262 28 modemamente
1142 1508 84 28 nella
1246 1508 112 28 Psiche
1379 1508 32 27 di
1432 1507 166 29 Raffaelle.
1620 1507 213 28 Avvertirono
1852 1507 76 37 perö
1948 1508 104 37 questi
2072 1508 134 37 sapienti

825 1552 139 34 maestri,
988 1552 59 28 che
1069 1552 269 37 moltiplicandosi
1356 1552 30 28 le
1409 1551 112 35 azioni,
1544 1551 30 29 la
1597 1551 173 38 principale
1792 1554 123 27 tenesse
1935 1551 23 29 il
1978 1552 104 38 primo
2101 1552 104 39 luogo,

825 1607 16 18 e
854 1597 32 28 la
900 1596 104 38 prima
1019 1596 175 37 grandezza
1208 1596 82 28 delle
1305 1596 111 37 figure,
1432 1596 141 37 disposte
1587 1596 104 28 l’altre
1706 1596 130 37 picciole
1850 1597 33 28 in
1896 1597 201 34 lontananza,
2113 1601 93 25 tanto

824 1641 58 29 che
898 1640 177 28 solamente
1092 1649 227 20 accennassero
1335 1650 16 18 e
1368 1650 65 18 non
1450 1640 263 28 determinasseso
1729 1640 23 28 il
1768 1643 154 35 soggetto.

905 1684 27 28 E
951 1684 104 37 degna
1073 1693 116 19 ancora
1208 1684 33 28 di
1258 1684 211 37 grandissima
1486 1684 73 28 lode
1577 1684 87 28 nella
1681 1687 110 25 nostra
1809 1684 171 37 immagine
1998 1684 149 34 l’unione,
2168 1686 39 27 ed

825 1728 151 38 aggiunta
994 1727 50 29 de’
1062 1727 94 29 fiumi
1172 1728 85 28 della
1274 1728 174 37 Tessaglia:
1469 1728 115 29 Ovidio
1601 1727 178 38 parimente
1798 1727 84 37 dopo
1899 1728 31 27 la
1948 1728 259 30 trasformazione

824 1772 33 29 di
876 1772 112 33 Dafne,
1007 1772 125 36 seguita
1151 1781 19 19 a
1187 1772 161 29 descriver
1365 1772 10 27 i
1393 1772 93 28 fiumi
1504 1772 85 28 della
1607 1771 168 38 Tessaglia,
1795 1771 58 28 che
1871 1781 107 18 vanno
1996 1781 19 18 a
2033 1772 175 28 condolersi

824 1816 50 29 col
887 1816 98 37 padre
1002 1816 105 28 Peneo
1122 1825 57 28 per
1193 1815 137 29 disastro
1346 1816 83 27 della
1444 1816 90 37 figlia
1549 1815 207 29 trasformata
1771 1815 33 28 in
1820 1815 113 34 frondi,
1951 1825 16 18 e
1984 1819 113 34 questa
2113 1826 16 18 e
2144 1826 63 18 una

824 1860 109 29 azione
953 1868 117 20 ancora
1089 1859 169 29 differente
1278 1860 87 28 dalla
1383 1860 113 37 prima.
1519 1860 28 27 Il
1566 1862 108 25 nostro
1695 1859 134 34 Pittore,
1849 1859 124 28 intento
1993 1859 153 35 all’unitä,
2168 1861 39 27 ed

824 1904 64 29 alla
897 1903 161 29 ricchezza
1067 1903 52 28 del
1127 1906 155 35 soggetto,
1301 1913 59 19 con
1375 1904 172 37 ingegnoso
1565 1903 219 28 anacronismo
1801 1903 102 37 figurö
1919 1904 139 36 presenti
2074 1904 10 27 i
2102 1904 105 28 mede-

823 1947 73 29 simi
907 1947 101 34 fiumi,
1023 1957 65 19 non
1100 1950 137 31 ostante,
1252 1948 58 28 che
1322 1948 23 27 il
1359 1948 100 27 Poeta
1472 1956 59 20 con
1544 1947 127 28 diversa
1684 1947 107 28 favola
1803 1947 22 28 li
1838 1947 113 37 separi,
1966 1957 16 18 e
1994 1947 23 28 li
2030 1948 175 37 disgiunga.

825 1991 89 29 Onde
934 1995 208 34 rappresento
1162 1991 171 38 l’Apidano
1353 1992 99 27 fiume
1473 1991 122 29 minore
1616 2000 59 19 con
1694 1992 29 27 le
1745 1991 104 34 Ninfe,
1872 2001 19 18 o
1910 1992 90 27 siano
2024 1991 78 38 Genj
2125 1992 82 28 delle

824 2035 92 34 fonti,
932 2035 57 28 che
1003 2038 137 34 portano
1154 2036 123 28 tributo
1293 2036 30 27 al
1343 2036 98 37 padre
1461 2034 104 30 Peneo
1586 2044 59 19 con
1664 2035 30 28 le
1714 2035 67 28 loro
1802 2045 110 27 acque.
1934 2035 62 29 Nel
2016 2036 76 36 quäl
2112 2036 95 28 modo

824 2078 256 30 conformandosi
1102 2080 63 27 alla
1186 2079 165 37 proprietä
1373 2080 32 27 di
1428 2079 107 38 quella
1556 2079 136 37 regione,
1716 2079 61 37 egli
1798 2089 103 18 venne
1924 2089 19 18 a
1966 2079 188 29 dimostrare
2176 2080 31 28 la

824 2122 132 34 nobiltä,
975 2133 16 18 e
1007 2123 33 28 la
1058 2123 222 37 maggioranza
1298 2123 73 28 dell’
1387 2122 114 30 istesso
1519 2123 105 28 Peneo
1640 2123 99 37 padre
1756 2123 32 28 di
1806 2123 113 34 Dafne,
1937 2123 24 27 il
1979 2124 94 36 quäle
2090 2126 116 26 teneva

822 2166 158 38 l’imperio
998 2176 96 28 sopra
1113 2167 43 37 gli
1175 2167 73 28 altri
1268 2167 116 28 minori
1403 2166 101 35 fiumi,
1526 2176 89 19 come
1635 2176 42 18 va
1697 2166 207 29 descrivendo
1925 2167 124 29 Ovidio.

1145 2220 126 36 Reggea
1285 2218 115 36 l’onde,
1416 2229 16 18 e
1448 2219 74 28 dell’
1537 2219 82 28 onde
1634 2220 162 28 abitatrici

1185 2264 44 27 Le
1244 2264 98 28 Ninfe
1356 2266 61 27 etc.

906 2350 23 30 i)
944 2351 82 22 Diese
1041 2350 169 31 prinzipielle
1226 2350 170 30 Erörterung
1412 2351 50 22 hat
1478 2351 110 22 Lebrun
1605 2351 101 22 bereits
1721 2351 39 22 im
1780 2351 85 29 Jahre
1884 2353 65 27 1667
1967 2358 35 15 an
2019 2351 89 22 einem
2125 2350 80 24 Bilde

824 2385 130 23 Poussins
972 2393 70 22 ganz
1059 2386 112 22 ähnlich
1189 2385 206 30 durchgeführt,
1415 2393 98 15 wovon
1532 2386 101 22 Bellori
1657 2386 87 29 gewiß
1764 2386 140 23 Kenntnis
1921 2387 87 25 hatte,
2029 2387 36 21 da
2083 2386 122 23 Felibien

823 2421 85 22 schon
929 2423 66 26 1669
1015 2422 118 22 darüber
1150 2421 137 22 berichtet
1304 2421 79 23 hatte
1404 2420 189 29 (Conferences
1612 2422 33 21 de
1662 2420 169 25 l’Academie
1850 2421 106 30 Royale
1974 2421 33 22 de
2026 2421 129 22 Peinture
2175 2422 28 21 et

824 2456 34 22 de
875 2456 146 30 Sculpture
1036 2457 124 29 pendant
1173 2456 108 23 Fannie
1299 2457 74 30 1667,
1390 2456 77 22 Paris
1484 2457 75 27 1669,
1579 2457 25 22 S.
1619 2456 106 30 io2ff.).
1742 2456 66 24 Also
1823 2457 71 22 auch
1908 2456 29 23 in
1951 2456 48 23 der
2014 2456 115 22 Theorie
2143 2456 59 23 hier

824 2491 132 29 Führung
974 2492 48 22 der
1040 2492 163 22 Franzosen.
