2464 3159
201 376 132 28 Boucher;
345 376 127 30 Gruppen
487 375 65 23 ohne
568 374 112 25 Peneios

1530 372 41 30 33

279 438 139 28 Hiermit
439 437 96 29 endet
556 436 51 30 die
627 435 217 38 geschlossene
866 434 166 28 Tradition
1054 432 101 30 dieses
1176 432 396 40 Entwicklungsstranges;

199 483 56 27 wir
286 482 112 28 stehen
427 491 53 19 am
509 480 89 29 Ende
631 480 55 27 des
713 478 135 28 Barock.
882 477 44 28 Es
959 477 124 29 bleiben
1113 478 82 28 noch
1220 477 102 38 einige
1341 476 231 39 schöpferische

199 526 196 38 Leistungen
421 525 102 29 dieser
538 523 132 29 Periode
697 532 40 19 zu
754 521 200 34 betrachten,
978 520 53 28 die
1052 520 83 29 auch
1158 520 83 28 ohne
1256 520 240 38 Einbeziehung
1518 520 56 29 der

201 570 97 38 Figur
328 570 55 28 des
408 568 131 30 Peneios
565 565 278 40 festgeschlossene
870 563 225 39 Komposition
1134 563 66 27 und
1231 563 213 30 dramatische
1478 564 95 29 Kraft

201 615 55 28 der
280 614 207 36 Darstellung
509 610 189 38 vereinigen.
724 609 69 28 Von
817 608 62 28 den
906 606 275 39 Schwierigkeiten
1212 607 86 28 einer
1323 607 126 29 solchen
1476 607 85 29 Kom­

200 658 147 29 bination
369 667 65 18 war
455 656 81 28 oben
558 654 50 29 die
631 653 97 29 Rede.
751 653 51 27 Da
828 652 44 28 ist
899 651 51 29 die
971 651 72 28 sehr
1060 649 186 39 geistreiche
1266 649 89 30 Tafel
1380 650 32 28 in
1440 650 134 29 Modena

202 701 95 38 (Abb.
309 701 64 38 39),
394 701 50 28 die
463 697 110 31 früher
592 696 192 35 Tintoretto,
805 695 191 39 neuerdings
1015 712 41 2 —
1074 693 58 29 mit
1152 693 88 28 nicht
1259 692 88 31 recht
1367 693 193 39 befriedigen­

202 747 55 27 der
276 743 238 38 Zuschreibung
533 758 41 4 —
595 739 175 30 Schiavone
796 738 140 39 gegeben
962 738 108 29 wurde
1097 737 66 29 und
1180 737 33 28 in
1232 738 66 33 der,
1323 737 57 30 wie
1403 747 32 19 es
1453 737 122 30 scheint

200 799 81 28 ganz
306 787 181 33 vereinzelt,
513 785 50 29 die
589 783 195 39 Verfolgung
807 784 33 27 in
864 782 243 38 Abwendung
1132 791 75 18 vom
1231 780 190 36 Beschauer,
1450 782 66 28 also
1543 781 33 29 in

203 831 257 31 Rückenansicht
486 828 108 31 beider
613 828 137 38 Figuren
768 827 140 38 gegeben
933 827 66 28 und
1018 835 34 19 so
1071 835 39 19 zu
1129 824 312 30 außerordentlicher
1463 825 100 28 transi­

200 876 155 29 torischer
386 874 96 29 Kraft
511 872 172 39 gesteigert
713 872 117 28 wurde.
834 871 12 17 1
849 871 8 37 )
904 871 91 29 Auch
1019 870 58 28 das
1107 869 107 38 große,
1246 867 143 31 kürzlich
1418 869 64 36 Jan
1514 869 63 37 Lys

199 919 275 39 zugeschriebene,
496 917 76 29 aber
594 917 83 28 wohl
699 914 275 31 oberitalienische
998 914 74 28 Bild
1095 913 55 29 der
1172 912 175 29 Akademie
1369 912 33 28 in
1424 912 154 29 Ravenna

202 964 93 38 (Abb.
309 963 51 38 40)
371 963 12 16 2
384 963 9 38 )
414 960 88 31 zählt
523 970 39 18 zu
582 960 62 29 den
660 958 304 37 eindruckvollsten,
977 956 344 31 leidenschaftlichsten
1335 955 244 40 Darstellungen

201 1009 54 28 des
271 1007 152 35 Themas;
452 1006 33 28 in
506 1004 68 28 ihm
596 1005 79 29 wird
697 1004 52 29 bei
770 1004 96 28 allem
885 1003 109 29 Sturm
1010 1002 55 28 der
1082 1001 193 39 Verfolgung
1291 1000 50 29 die
1360 998 205 31 Geschlossen­

200 1053 67 28 heit
301 1052 54 28 des
382 1049 148 29 Aufbaus
557 1049 115 29 höchst
706 1047 249 30 nachdrücklich
984 1046 126 29 betont:
1147 1045 59 28 Die
1233 1045 97 29 Beine
1359 1044 55 28 der
1442 1045 137 27 entsetzt

200 1097 66 28 sich
300 1093 301 31 zurückwerfenden
627 1093 136 38 Daphne
801 1091 144 39 (Cignani
971 1091 119 28 könnte
1118 1089 44 30 sie
1190 1090 139 37 gekannt
1359 1088 115 36 haben)
1511 1096 55 20 ver­

200 1139 180 30 schränken
398 1139 68 28 sich
486 1138 59 29 mit
564 1137 103 29 denen
686 1137 56 29 des
759 1137 33 28 in
811 1133 316 38 ,,unnatürlichem",
1147 1134 82 28 doch
1247 1134 73 28 sehr
1340 1130 240 40 „lebendigem“

206 1183 118 30 Stand
349 1182 182 39 gegebenen
557 1182 115 37 Apollo
699 1191 40 19 zu
765 1181 103 28 einem
895 1190 41 19 an
966 1178 177 35 Gossaerts,
1173 1178 125 29 Hubert
1329 1176 159 30 Gerhards
1515 1176 66 29 und

204 1228 140 29 Rubens’
370 1226 156 30 erotische
551 1220 262 35 Überfallszenen
837 1224 212 29 erinnernden
1078 1222 257 39 Sockelgeflecht,
1362 1221 45 28 im
1431 1220 151 29 Zentrum

202 1271 122 39 spricht
343 1272 56 28 der
416 1270 275 38 Zusammenprall
707 1269 56 28 der
781 1269 78 28 derb
877 1268 227 38 zupackenden
1123 1267 59 28 mit
1201 1267 55 28 der
1274 1266 159 38 angstvoll
1450 1264 118 29 zurück­

202 1316 178 29 stoßenden
398 1314 107 35 Hand,
522 1314 75 29 wild
612 1313 175 29 flatternde
806 1311 177 30 Gewänder
998 1312 123 28 runden
1139 1309 214 30 allenthalben
1371 1309 50 28 die
1440 1308 141 38 Gruppe,

203 1361 57 28 der
273 1360 57 29 der
342 1358 272 39 triumphierende
627 1357 100 29 Amor
739 1357 154 37 zugesellt
905 1356 43 29 ist
962 1373 42 3 —
1015 1356 77 29 alles
1105 1364 36 20 so
1155 1355 60 27 mit
1228 1353 207 30 stürmischer
1448 1351 134 39 Energie

204 1403 225 35 durchtränkt,
447 1402 62 29 daß
526 1412 75 18 man
618 1402 57 28 das
690 1401 116 38 völlige
823 1400 117 29 Fehlen
957 1401 77 27 aller
1050 1397 420 40 Verwandlungsanzeichen
1486 1395 98 29 kaum

204 1447 157 30 bemerkt.
389 1446 189 30 Schließlich
603 1446 57 28 hat
685 1444 82 31 auch
792 1445 57 28 der
873 1444 177 29 Mailänder
1076 1443 168 29 Klassizist
1269 1442 128 29 Andrea
1420 1439 162 40 Appiani

206 1491 92 38 (Abb.
312 1491 51 37 41)
372 1492 12 17 3
386 1492 9 36 )
426 1491 52 28 bei
501 1488 253 40 Beschränkung
782 1487 57 30 auf
861 1489 51 28 die
935 1488 114 28 beiden
1073 1486 238 39 Hauptfiguren
1333 1485 33 29 in
1389 1483 195 40 geschickter

203 1535 102 30 Weise
317 1535 51 28 die
383 1534 132 38 Gruppe
526 1532 212 39 geschlossen,
750 1532 108 28 indem
870 1542 34 19 er
916 1532 115 37 Apollo
1044 1531 90 29 mehr
1146 1531 45 27 im
1204 1530 119 28 Halten
1335 1530 47 29 als
1394 1529 44 28 im
1450 1528 133 35 Laufen,

203 1580 137 38 Daphne
358 1580 33 28 in
408 1578 170 30 schlanker
598 1576 233 40 Rückbiegung
848 1575 69 31 und
935 1579 95 26 unter
1047 1575 135 30 schöner
1200 1572 240 40 Einbeziehung
1457 1573 56 29 des
1530 1571 42 31 ab­

204 1624 149 30 wehrend
364 1622 218 30 bildeinwärts
592 1622 167 38 geneigten
772 1621 124 38 Kopfes
907 1620 32 29 in
952 1620 50 29 die
1017 1619 304 30 Gesamtsilhouette
1332 1618 64 39 gab
1407 1618 67 28 und
1485 1616 100 31 durch

204 1669 73 29 sehr
294 1668 148 29 bewußte
460 1667 156 39 Ordnung
632 1676 64 19 von
714 1666 68 29 drei
798 1665 198 29 flatternden
1017 1663 268 39 Gewandpartien
1303 1662 61 29 den
1382 1660 190 30 Zusammen­

204 1712 113 30 schluß
337 1712 120 38 kräftig
474 1712 135 29 rundete
628 1729 41 2 —
687 1711 82 28 ohne
790 1710 59 28 mit
869 1710 43 28 all
932 1709 73 28 dem
1023 1709 58 28 das
1103 1707 113 30 Gebiet
1236 1705 256 31 transitorischer
1511 1704 61 29 Ein­

204 1757 139 38 stellung
362 1765 81 29 ganz
463 1766 40 19 zu
523 1756 170 28 verlassen.

290 1845 22 30 1)
332 1846 127 26 Modena,
479 1844 183 27 Pinakothek,
684 1843 66 24 Kat.
769 1844 26 22 S.
808 1843 79 23 Ricci
903 1848 75 24 1925,
1001 1842 26 22 S.
1039 1848 43 21 91,
1097 1840 62 24 eine
1173 1841 48 22 der
1238 1848 31 22 14
1284 1838 182 25 dekorativen
1483 1838 105 23 Szenen

208 1883 48 22 Nr.
268 1888 147 23 220—233.
432 1880 66 30 1658
512 1887 57 15 von
580 1880 124 29 Venedig
717 1879 72 22 nach
801 1878 121 23 Modena
934 1877 165 30 gekommen
1114 1875 49 31 (als
1176 1874 179 31 Tintoretto).
1372 1873 112 28 Ridolfi,
1499 1873 89 24 Mara-

207 1916 83 31 viglie
302 1917 42 22 ed.
356 1924 29 15 v.
398 1915 110 24 Hadeln
520 1915 38 27 II,
571 1922 32 22 52
618 1914 136 31 (ebenso);
767 1914 126 26 Venturi,
907 1913 40 23 La
958 1912 112 30 galleria
1082 1911 72 31 degli
1166 1911 112 23 Estensi
1291 1911 27 23 S.
1331 1916 59 24 240,
1404 1910 64 28 256;
1481 1910 37 22 M.
1531 1909 57 23 Pit-

208 1952 104 30 taluga,
327 1952 25 22 II
365 1951 165 27 Tintoretto,
546 1950 125 30 Bologna
684 1957 21 16 s.
717 1957 24 15 a.
760 1950 26 22 S.
798 1950 63 29 287;
878 1955 56 17 von
948 1948 48 23 der
1010 1947 242 31 Bercken-Mayer,
1268 1944 166 28 Tintoretto,
1450 1944 139 23 München

211 1994 76 23 1923,
305 1988 28 22 S.
344 1994 34 23 54
394 1986 210 31 (Schiavone?).
619 1986 49 22 Als
682 1985 116 23 Vorbild
813 1985 45 22 für
871 1985 46 23 die
933 1984 119 29 Daphne
1066 1982 106 24 könnte
1187 1983 49 22 der
1251 1980 168 25 Rückenakt
1433 1980 76 23 einer
1523 1980 67 23 Par-

211 2023 173 30 meggianino
402 2022 247 30 zugeschriebenen
667 2020 158 31 Zeichnung
842 2020 29 23 in
890 2019 54 24 den
963 2018 120 24 Uffizien
1101 2017 112 31 gedient
1230 2018 92 22 haben
1343 2016 57 29 (Nr.
1416 2022 74 23 1524,
1510 2015 78 31 phot.

213 2058 102 27 Braun,
332 2058 77 23 Stich
422 2065 56 15 von
491 2057 129 24 Mulinari
633 2057 30 22 in
677 2056 133 31 „Disegni
823 2055 127 30 originali
965 2073 5 4 .
984 2072 5 5 .
1004 2073 4 3 .
1024 2054 73 23 nella
1112 2054 33 22 R.
1159 2053 70 23 Gail,
1245 2053 28 22 di
1287 2051 130 25 Firenze“
1433 2053 58 21 tav.
1508 2049 80 30 XIV;

211 2093 79 24 nicht
303 2093 158 30 aufgeführt
474 2092 46 24 bei
532 2093 30 22 L.
575 2091 223 28 Fröhlich-Bum,
814 2090 238 30 Parmeggianino,
1068 2089 80 23 Wien
1164 2096 75 21 1921,
1254 2087 57 24 und
1325 2086 29 24 in
1368 2087 48 22 der
1429 2086 54 23 Tat
1497 2091 93 24 wegen

211 2127 169 25 erheblicher
394 2127 176 33 graphischer
586 2127 169 24 Schwächen
770 2127 77 22 nicht
862 2125 90 24 sicher
967 2125 44 23 ein
1026 2124 147 30 Original);
1190 2124 59 23 hier
1264 2122 83 28 steht,
1364 2121 51 23 wie
1430 2128 29 16 es
1474 2120 115 29 scheint,

214 2163 117 32 Daphne
345 2164 41 23 als
402 2162 113 33 Symbol
530 2163 48 22 des
592 2162 164 32 Triumphes
771 2163 98 22 Amors
884 2168 37 17 an
935 2161 98 22 dessen
1048 2159 87 28 Altar,
1151 2160 54 22 den
1220 2159 45 23 ein
1279 2157 137 24 Mädchen
1431 2158 81 22 unter
1526 2155 64 24 dem

215 2199 104 24 Schutz
333 2198 75 24 einer
421 2198 106 24 älteren
542 2199 73 23 Frau
629 2197 82 24 flieht
723 2197 51 30 (?).

295 2233 25 31 2)
335 2233 48 23 Als
396 2234 56 30 Lys
465 2233 147 32 publiziert
626 2241 56 15 von
696 2234 33 23 A.
741 2233 149 26 Colasanti,
903 2231 69 24 Boll.
983 2231 98 23 d’Arte
1091 2232 34 22 N.
1140 2231 26 22 S.
1179 2231 21 26 I,
1214 2236 75 22 1921,
1303 2228 41 24 28.
1356 2227 105 23 Vorher
1472 2226 120 30 „Ignoto

215 2269 156 24 Romano“.

296 2304 25 30 3)
337 2305 98 22 Fresco
453 2311 50 17 aus
522 2304 48 23 der
591 2304 66 30 1814
677 2304 229 31 abgebrochenen
924 2302 71 23 Casa
1014 2300 273 25 Prina-Sannazzaro
1306 2299 29 23 in
1354 2297 131 28 Mailand,
1508 2297 84 23 Brera

214 2341 48 22 Nr.
277 2340 51 29 829
348 2340 77 30 (Kat.
439 2346 75 23 1930,
536 2340 26 23 S.
577 2339 68 31 164).
667 2340 176 30 Gegenstück
860 2337 100 32 Apollo
978 2337 57 23 und
1054 2336 152 32 Hyazinth.

271 2610 89 20 Studien
373 2609 38 19 der
425 2608 122 20 Bibliothek
561 2607 110 24 Warburg,
685 2613 34 18 23.
727 2608 63 18 Heft:
805 2606 124 20 Stecbow

1367 2603 13 23 3
