2464 3159
210 381 116 24 Cassoni

1547 383 39 30 19

1351 2610 13 15 2

208 444 177 37 klagenden
407 443 189 39 Begleiterin
617 444 55 27 der
693 441 223 30 Andromache
937 450 58 20 aus
1016 442 73 28 dem
1109 443 189 30 Mantuaner
1320 444 269 41 Iliupersissarko-

209 489 86 36 phag
320 488 133 37 (Robert
478 488 42 33 II,
546 487 88 37 1890,
657 485 69 29 Taf.
742 485 122 33 XXVI,
888 485 82 29 Abb.
985 485 93 37 63b);
1102 487 124 36 Apollo,
1249 488 46 27 als
1317 488 125 29 antiker
1467 489 119 36 Soldat,

207 531 138 39 verfolgt
362 532 44 29 sie
423 531 66 29 und
506 531 99 27 meint
622 530 43 28 sie
683 538 40 19 an
742 529 61 27 den
819 527 196 31 flatternden
1033 530 128 27 Haaren
1178 540 39 18 zu
1233 530 129 37 greifen,
1380 532 148 30 während
1545 534 43 29 sie

207 576 58 28 das
286 576 126 34 leichte,
436 574 226 38 windbewegte
689 572 142 29 Gewand
854 572 59 29 mit
937 571 170 40 sorglicher
1131 574 96 27 Hand
1250 574 174 29 schützend
1447 576 140 35 festhält,

206 621 34 27 in
261 620 87 29 ihrer
372 618 144 39 Haltung
539 617 221 28 Nachkomme
787 616 86 28 einer
897 615 97 38 Figur
1018 625 76 19 vom
1117 616 292 40 Medeasarkophag
1434 618 154 39 (Mantua,

209 665 122 28 Robert
350 674 28 18 a.
393 674 27 18 a.
436 662 36 29 O.
493 661 104 33 LXII,
622 660 82 28 Abb.
721 659 81 38 196),
826 660 44 37 ja,
895 659 107 29 beide
1026 659 44 29 im
1090 660 333 31 Hintereinanderlauf
1446 662 58 29 mit
1529 663 60 29 den

206 708 212 37 gleichmäßig
440 704 258 38 ausgestreckten
721 705 121 26 Armen
865 703 33 29 in
922 703 174 39 Nachfolge
1120 703 125 30 antiker
1269 703 165 30 Vorbilder
1461 704 71 40 (vgl.
1557 707 32 29 in

208 753 74 27 dem
299 751 122 29 Mosaik
442 759 57 18 aus
517 748 176 29 Palestrina
710 748 46 27 im
773 747 134 29 Palazzo
925 747 167 30 Barberini
1107 748 33 28 in
1160 748 82 28 Rom
1259 747 49 30 die
1326 748 113 29 beiden
1460 748 116 31 Gefähr­

207 796 111 28 tinnen
335 796 54 27 der
406 793 140 38 Europa,
565 791 153 35 Reinach,
738 791 186 38 Repertoire
942 790 38 30 de
997 791 162 38 peintures
1175 802 45 28 gr.
1238 793 32 26 et
1286 800 92 26 rom.,
1397 792 87 29 Paris
1502 801 87 29 1922,

209 840 30 28 S.
256 848 46 25 12,
324 840 55 27 Nr.
395 836 45 39 1);
460 836 106 28 hinter
585 837 62 27 den
666 836 71 28 klar
757 835 197 29 umrissenen
974 835 137 38 Figuren
1131 836 83 28 zieht
1235 835 65 28 sich
1320 845 66 19 nun
1405 836 91 29 keine
1516 846 60 28 „go­

206 882 122 29 tische“
343 880 294 31 Felsenlandschaft
651 880 68 34 hin,
734 880 136 28 sondern
884 880 68 27 eine
966 879 76 28 alles
1055 879 33 29 in
1100 879 351 39 reingeschwungenem
1465 879 112 40 Rhyth­

207 937 71 18 mus
294 924 333 31 zusammenfassende
647 923 256 30 Küstenvedute.
924 923 75 29 Und
1017 923 81 29 doch
1116 923 135 29 verleiht
1269 923 114 38 gerade
1402 923 84 29 diese
1503 924 75 38 lang­

205 971 179 37 gestreckte
413 968 197 30 Landschaft
639 968 74 29 dem
742 968 90 28 Bilde
861 967 115 29 wieder
1004 967 69 28 eine
1102 967 241 29 märchenhafte
1374 966 217 37 Schlichtheit,

204 1015 70 28 fern
288 1015 76 27 aller
377 1012 260 31 florentinischen
653 1012 107 35 Kraft,
775 1012 67 28 und
856 1013 81 27 auch
952 1011 50 29 die
1018 1011 105 39 Köpfe
1138 1012 55 28 der
1207 1011 147 39 Figuren,
1368 1012 33 37 ja
1414 1011 98 30 selbst
1524 1012 67 29 ihre

206 1058 220 38 Bewegungen
446 1057 152 29 behalten
618 1059 82 27 etwa
724 1057 115 33 Stilles,
861 1055 232 30 Versonnenes:
1114 1056 51 28 ein
1185 1056 71 29 sehr
1276 1055 170 30 unantikes
1466 1055 111 30 Antiki­

204 1103 103 29 sieren
325 1102 77 35 also,
420 1101 46 29 im
486 1102 129 28 Grunde
632 1100 276 31 leidenschaftslos
926 1100 66 29 und
1009 1103 80 31 zart,
1107 1100 46 28 im
1173 1099 129 30 Grunde
1320 1099 55 28 der
1396 1099 96 29 Gotik
1510 1099 81 29 noch

204 1157 83 28 ganz
305 1147 94 29 nahe.

288 1191 85 29 Aber
388 1191 33 28 in
437 1190 54 29 der
508 1190 98 38 Regel
620 1189 83 30 sieht
719 1199 87 24 man,
821 1188 31 39 je
867 1187 108 30 weiter
991 1197 75 19 man
1081 1188 50 29 ins
1151 1188 231 38 Quattrocento
1396 1186 195 40 hineingeht,

208 1235 93 30 desto
320 1235 219 38 lebendiger
560 1234 236 38 Verwandlung
816 1233 67 29 und
903 1232 195 38 Verfolgung
1118 1231 115 30 erfaßt.

289 1280 60 28 Die
367 1278 394 39 Verwandlungsszene
787 1277 54 29 der
860 1276 297 30 Harewood-Truhe
1180 1277 43 28 ist
1247 1276 71 28 sehr
1341 1274 200 30 intensiviert
1559 1275 33 29 in

207 1323 105 30 einem
327 1323 250 39 mantegnesken
592 1322 136 29 Cassone
745 1322 55 28 der
818 1320 187 38 Sammlung
1020 1320 173 29 Lazzaroni
1212 1320 91 38 (Abb.
1320 1319 48 37 16)
1377 1319 11 17 1
1391 1319 20 37 ),
1433 1328 47 19 wo
1502 1319 88 28 nicht

207 1378 62 19 nur
289 1368 130 37 Apollos
439 1366 292 30 leidenschaftliche
755 1365 201 38 Umarmung
977 1364 55 28 des
1053 1365 139 28 Baumes
1213 1364 50 29 die
1285 1364 144 27 ähnliche
1451 1362 142 39 Fassung

208 1413 56 28 des
287 1412 121 28 älteren
433 1411 113 28 Malers
568 1410 161 29 erheblich
754 1418 41 20 an
819 1408 229 38 Lebendigkeit
1073 1407 173 35 übertrifft,
1271 1408 135 28 sondern
1430 1407 80 28 auch
1535 1407 57 28 das

206 1455 241 31 transitorische
466 1456 146 27 Element
630 1455 33 28 in
681 1454 56 29 der
755 1452 233 39 Verwandlung
1006 1452 98 28 durch
1123 1452 49 28 die
1190 1451 71 29 teils
1279 1451 219 34 menschliche,
1522 1450 71 29 teils

207 1500 177 38 vegetabile
407 1500 162 37 Formung
603 1499 55 28 der
679 1498 173 29 Ast-Arme
879 1497 63 28 viel
969 1496 124 28 stärker
1118 1505 74 19 zum
1213 1494 168 31 Ausdruck
1402 1495 123 28 kommt
1548 1495 46 28 als

204 1544 163 38 irgendwo
386 1544 59 28 seit
466 1543 55 28 der
543 1543 142 28 Gothaer
705 1541 168 29 Miniatur:
894 1540 71 29 Von
983 1540 68 28 hier
1070 1539 122 29 scheint
1212 1548 32 20 es
1263 1548 61 18 nur
1343 1538 50 30 ein
1415 1538 119 29 Schritt
1554 1549 39 17 zu

205 1590 67 28 sein
290 1599 40 18 zu
340 1588 86 30 einer
445 1588 50 28 die
507 1588 98 28 Fabel
621 1586 174 39 gleichsam
812 1596 64 19 von
886 1586 176 28 rückwärts
1073 1584 190 29 ablesenden
1274 1583 321 39 Vermenschlichung

205 1643 76 19 vom
298 1633 118 29 Baum
439 1632 57 28 her
512 1649 40 3 —
566 1631 116 38 gerade
699 1640 35 19 so
750 1630 84 35 weit,
853 1630 63 28 daß
932 1629 179 39 vegetabile
1127 1629 68 28 und
1211 1628 210 29 menschliche
1439 1627 95 29 Form
1549 1627 45 29 im

205 1676 311 39 Verwandlungsakt
536 1700 7 11 ,
549 1675 335 35 ,zusammenbleiben‘
889 1674 18 29 ‘.

287 1721 110 30 Dieser
424 1720 120 30 Schritt
568 1720 108 29 wurde
699 1719 116 38 jedoch
838 1721 65 26 erst
928 1727 53 19 am
1004 1717 122 37 Beginn
1151 1717 55 28 des
1228 1725 104 20 neuen
1358 1715 237 37 Jahrhunderts

205 1776 81 28 ganz
307 1767 134 38 gewagt,
464 1765 68 28 und
553 1765 50 28 die
625 1763 113 30 Arbeit
761 1764 55 27 des
837 1763 87 28 alten
947 1761 234 29 konzentrierte
1202 1760 67 29 sich
1290 1760 154 28 zunächst
1467 1759 56 29 auf
1544 1759 50 28 die

205 1812 89 27 recht
319 1809 158 31 intensive
503 1808 344 39 Vergegenwärtigung
872 1807 55 28 der
953 1806 135 29 Flucht
1114 1805 67 28 und
1206 1804 232 38 Verfolgung
1462 1820 41 4 —
1527 1803 66 28 dies

206 1865 58 18 vor
281 1854 95 30 allem
392 1862 65 21 war
473 1854 34 37 ja
523 1854 51 28 ein
592 1852 149 30 Problem
757 1852 82 28 nach
857 1852 74 27 dem
948 1850 124 29 Herzen
1090 1850 54 28 des
1166 1847 241 39 Quattrocento.
1426 1848 44 29 Es
1486 1847 108 29 wurde

206 1900 81 28 oben
306 1898 144 35 berührt,
470 1898 58 28 wie
546 1898 102 28 hierin
668 1897 163 29 Literatur
850 1896 67 28 und
937 1894 112 29 Bühne
1072 1893 143 29 Gleiches
1233 1891 192 36 erstrebten;
1446 1890 66 29 und
1531 1891 63 27 daß

205 1944 115 37 gerade
337 1943 42 28 all
396 1942 101 30 dieses
514 1942 166 28 Bemühen
697 1950 56 18 um
769 1950 103 18 neuen
890 1936 396 40 Bewegungsausdruck
1301 1936 50 28 ein
1369 1934 164 29 Bemühen
1550 1934 45 28 im

208 1987 113 30 Dienst
334 1988 55 28 der
401 1987 140 29 Antike
553 1996 75 24 war,
642 1985 57 29 wie
713 1985 57 28 das
788 1983 234 39 Quattrocento
1033 1982 44 29 sie
1089 1980 154 30 verstand
1254 1980 67 28 und
1332 1980 113 33 fühlte,
1458 1979 136 28 braucht

208 2042 41 18 an
274 2032 100 28 dieser
401 2031 96 30 Stelle
521 2031 84 28 wohl
628 2029 89 30 nicht
743 2029 107 37 eigens
874 2027 106 39 belegt
1004 2037 40 18 zu
1068 2027 136 28 werden.
1233 2024 104 30 Schon
1362 2023 49 29 die
1436 2024 158 37 genannte

208 2075 299 31 Harewood-Truhe
528 2075 125 28 enthält
674 2073 70 29 eine
765 2073 110 28 zweite
897 2071 207 38 Darstellung
1127 2069 92 38 (Abb.
1236 2068 60 38 12),
1318 2068 33 28 in
1372 2068 55 28 der
1449 2068 49 28 die
1520 2067 61 28 Ver­

208 2120 130 38 folgung
360 2120 93 29 allein
474 2119 67 29 und
563 2119 59 28 mit
644 2118 149 38 größerer
817 2115 173 30 Intensität
1013 2115 46 28 als
1080 2115 106 27 bisher
1209 2112 183 39 dargestellt
1415 2111 92 34 wird;
1530 2111 66 27 und

209 2164 183 30 schließlich
406 2163 43 30 ist
465 2164 114 37 gerade
595 2163 33 28 in
645 2162 144 35 Florenz,
806 2164 94 25 unter
916 2160 61 29 den
993 2160 112 37 Augen
1122 2156 167 36 Polizians,
1306 2156 68 29 eine
1391 2153 205 40 Darstellung

210 2208 54 29 der
281 2208 223 37 Daphnefabel
519 2206 205 35 entstanden,
748 2206 33 28 in
798 2206 56 28 der
870 2214 83 20 zwar
969 2204 33 28 in
1018 2202 101 38 bezug
1136 2202 56 28 auf
1208 2201 57 29 das
1282 2198 294 38 Verwandlungs­

210 2255 144 27 moment
371 2252 82 29 noch
469 2252 52 28 ein
536 2251 197 29 erheblicher
752 2250 79 28 Rest
848 2248 176 29 statischen
1042 2245 212 38 Empfindens
1271 2244 129 28 fühlbar
1416 2241 111 36 bleibt,
1546 2241 50 28 die

209 2297 77 30 aber
304 2297 58 28 das
378 2296 122 29 Thema
518 2295 158 34 „Flucht"
695 2304 76 19 zum
787 2296 106 26 ersten
912 2292 81 29 Male
1011 2290 201 38 ausschöpft:
1232 2288 88 30 nicht
1338 2288 81 28 nach
1437 2287 55 28 der
1513 2285 82 28 Seite

210 2341 55 30 des
281 2340 339 35 Leidenschaftlichen,
636 2339 137 29 sondern
788 2338 45 27 im
851 2337 58 29 Stil
924 2336 85 29 eines
1024 2334 203 29 bezaubernd
1242 2332 162 38 graziösen
1421 2330 174 34 Märchens,

209 2386 33 29 in
266 2384 250 38 beschwingtem
542 2383 181 29 Schweben.
750 2383 138 36 Daphne
912 2381 41 28 ist
978 2379 32 29 in
1035 2378 141 29 Antonio
1202 2375 231 31 Pollaiuolos
1458 2373 138 29 kleinem

294 2464 23 30 1)
335 2461 162 32 Schubring,
517 2462 113 22 Cassoni
650 2462 47 22 Nr.
711 2462 60 28 605,
791 2460 59 23 Taf.
867 2458 154 25 CXXXIII
1039 2457 50 30 (als
1104 2455 134 28 „Michele
1257 2455 36 22 da
1306 2452 162 29 Verona?“;
1491 2451 92 31 Gegen­

210 2500 94 23 stück:
318 2496 126 33 Narziß).
463 2497 52 22 Die
527 2497 119 30 Figuren
656 2496 73 23 links
742 2496 61 22 sind
815 2496 73 22 wohl
899 2495 41 23 als
952 2492 218 25 schwesterliche
1183 2489 150 32 Nymphen
1344 2496 50 15 aus
1405 2489 63 21 dem
1482 2485 113 32 Gefolge

211 2535 48 24 der
278 2534 92 23 Diana
387 2532 169 28 anzusehen;
582 2532 44 23 die
644 2531 65 23 zwei
725 2531 204 29 rückwärtigen
947 2528 118 31 Figuren
1082 2527 61 23 sind
1162 2527 71 22 nach
1251 2526 48 22 der
1318 2521 210 33 Reproduktion
1546 2529 37 14 un­

211 2570 129 24 deutbar.
