2464 3159
193 377 110 24 Pierino
322 376 41 24 del
388 374 70 31 Vaga

1521 364 40 30 29

187 438 179 31 erhaltenes
389 433 297 34 Prometheusrelief
707 442 57 19 aus
788 431 175 38 Pergamon
986 431 32 27 in
1042 430 106 28 Berlin
1174 429 94 38 (Abb.
1281 428 63 38 30),
1368 428 110 29 dessen
1504 426 45 28 Re­

189 480 228 33 konstruktion
438 481 100 29 durch
558 477 121 31 Winter
701 475 140 29 Pierinos
863 472 224 40 Komposition
1109 473 80 28 noch
1210 470 205 40 schlagender
1436 479 115 21 voraus­

190 527 115 29 nimmt
320 526 46 28 als
381 526 49 29 die
445 525 96 29 ältere
556 520 208 32 Milchhöfers.
769 518 11 17 1
783 518 8 37 )
813 518 43 28 Es
869 517 42 30 ist
926 516 49 30 die
988 515 203 39 Darstellung
1205 516 55 28 der
1274 513 107 38 Szene,
1398 515 56 27 wie
1467 514 85 29 Hera­

192 572 66 28 kles
280 571 61 27 den
356 578 41 22 an
412 569 61 29 den
485 567 108 29 Felsen
606 562 254 40 geschmiedeten
870 559 208 32 Prometheus
1092 559 123 34 befreit,
1230 558 110 30 indem
1353 567 32 19 er
1399 558 62 27 den
1471 557 96 30 Adler

191 625 64 18 von
274 612 100 31 seiner
393 612 99 29 Leber
511 607 198 41 wegschießt,
728 606 45 28 im
791 605 124 29 Beisein
934 604 54 30 des
1007 602 270 41 personifizierten
1298 600 184 36 Kaukasus;
1503 600 64 29 und

192 658 89 30 nicht
299 667 59 20 nur
374 656 51 29 die
442 655 59 29 mit
517 654 112 29 besten
646 650 153 30 Gründen
813 647 248 32 rekonstruierte
1080 646 143 38 Stellung
1238 645 56 30 der
1311 644 138 38 Figuren
1464 643 91 30 zuein­

194 702 98 29 ander
311 698 175 42 entspricht
505 706 80 29 ganz
605 695 55 29 der
679 694 32 28 in
732 693 140 29 Pierinos
893 691 99 36 Blatt,
1013 691 137 29 sondern
1169 690 82 29 auch
1271 689 51 29 die
1343 687 144 38 Haltung
1506 696 63 19 von

194 742 290 42 Herakles-Apollo,
510 736 370 42 Prometheus-Daphne,
907 733 317 32 Kaukasus-Peneios
1247 731 42 31 ist
1315 732 50 29 bis
1389 731 32 27 in
1447 730 110 30 Einzel­

193 789 108 30 heiten
315 787 106 30 hinein
436 785 175 30 verwandt.
628 782 59 30 Die
703 781 99 38 Frage
817 789 77 25 nun,
910 780 57 29 auf
981 779 150 29 welchem
1145 777 95 38 Wege
1256 775 126 30 Pierino
1397 775 50 28 die
1462 774 109 30 antike

197 831 221 41 Komposition
434 830 124 28 kennen
572 826 121 39 gelernt
708 825 93 34 habe,
817 824 89 29 führt
921 823 100 30 sofort
1037 823 56 29 auf
1108 823 49 27 die
1172 820 127 36 andere,
1316 820 41 28 ob
1371 819 88 28 nicht
1474 817 97 30 schon

195 879 32 27 in
241 875 125 30 antiker
379 874 67 29 Zeit
462 873 49 29 die
526 869 256 41 pergamenische
799 867 130 39 Gruppe
944 868 75 28 oder
1032 866 96 29 deren
1142 864 146 40 Urtypus
1304 863 62 38 (ein
1382 861 153 30 Gemälde
1545 861 27 37 ?)

195 922 46 27 als
262 918 131 31 Vorbild
413 919 51 27 für
483 917 68 28 eine
573 912 333 40 Daphnedarstellung
925 910 127 40 gedient
1073 910 96 34 habe;
1191 909 50 28 die
1263 905 226 42 Komposition
1510 915 64 18 war

194 963 167 31 zweifellos
379 961 151 29 berühmt
549 960 68 29 und
634 957 183 36 verbreitet,
838 956 85 29 denn
941 954 70 32 eine
1026 953 205 39 Darstellung
1244 952 57 29 der
1319 950 141 39 gleichen
1477 948 98 31 Szene

194 1010 35 28 in
244 1006 161 31 ähnlicher
421 1003 245 36 Konstellation,
688 1010 90 20 wenn
793 999 81 31 auch
889 1009 63 20 von
967 999 124 30 Pierino
1106 997 106 29 weiter
1226 995 150 36 entfernt,
1393 993 101 29 findet
1509 992 65 30 sich

196 1053 56 29 auf
270 1052 75 28 dem
372 1049 90 39 (1615
481 1049 46 28 im
546 1045 259 41 Borghesebesitz
825 1041 266 42 nachweisbaren)
1114 1037 390 43 Prometheussarkophag
1523 1037 54 28 des

198 1097 123 28 Louvre
328 1094 12 17 2
342 1095 21 37 ),
392 1095 66 28 und
484 1092 116 29 andere
621 1089 205 41 Nachklänge
853 1089 56 29 hat
930 1087 98 31 schon
1049 1085 152 31 Milchhöf
1202 1094 33 20 er
1254 1080 324 43 zusammengestellt.

198 1138 201 33 Tatsächlich
426 1146 75 30 mag
527 1137 57 29 das
601 1132 263 41 Daphnemosaik
886 1142 63 20 von
968 1131 122 31 Marino
1096 1130 12 17 3
1110 1131 9 37 )
1137 1127 170 41 irgendwie
1333 1127 56 29 auf
1409 1124 170 31 denselben

198 1185 110 38 Typus
329 1181 232 40 zurückgehen,
583 1181 57 28 wie
662 1179 50 30 die
734 1177 145 39 Haltung
898 1186 64 20 von
983 1175 136 39 Daphne
1140 1174 67 30 und
1226 1172 115 39 Apollo
1358 1169 222 32 anzunehmen

200 1227 187 40 nahelegen;
425 1237 34 19 es
495 1226 42 29 ist
572 1225 67 28 also
675 1223 83 29 wohl
788 1220 153 35 denkbar,
973 1221 63 29 daß
1066 1217 135 37 Pierino,
1237 1217 54 29 der
1332 1216 34 37 ja
1401 1213 180 31 keinesfalls

202 1275 58 27 das
284 1269 258 42 pergamenische
570 1268 103 29 Relief
696 1268 58 27 hat
781 1265 125 29 kennen
932 1265 139 34 können,
1102 1264 70 28 eine
1198 1272 60 18 uns
1283 1259 163 30 verlorene
1473 1257 109 30 antike

202 1315 208 40 Umdeutung
429 1315 54 29 der
504 1308 424 42 Prometheuskomposition
947 1309 33 29 in
1000 1309 68 28 eine
1088 1303 335 41 Daphnedarstellung
1441 1301 140 39 gekannt

202 1361 68 29 und
286 1360 134 29 benutzt
436 1359 68 28 hat.
522 1357 94 29 Diese
633 1354 219 39 Umdeutung,
871 1362 74 29 mag
961 1353 44 29 sie
1022 1361 67 20 nun
1106 1361 64 18 von
1187 1349 127 29 Pierino
1330 1349 160 28 stammen
1507 1345 75 29 oder

203 1405 96 29 schon
316 1404 33 28 in
365 1403 55 30 der
436 1402 117 29 Antike
569 1407 248 31 vorgenommen
833 1397 77 35 sein,
926 1397 42 29 ist
985 1396 166 38 jedenfalls
1167 1392 198 40 typologisch
1383 1390 113 30 höchst
1513 1389 55 29 auf­

202 1447 212 32 schlußreich:
438 1455 58 20 aus
518 1445 74 29 dem
614 1444 59 28 mit
696 1441 265 40 hochgebogenen
984 1440 119 28 Armen
1129 1435 194 32 Gefesselten
1347 1434 78 30 wird
1448 1433 50 29 die
1522 1432 59 29 mit

202 1490 280 41 hochgeworfenen
495 1489 119 29 Armen
629 1486 179 35 Fliehende,
822 1485 55 29 der
890 1482 244 32 herantretende
1148 1482 66 29 und
1228 1479 171 40 Befreiung
1411 1476 172 40 bringende

206 1536 134 30 Schütze
357 1534 77 30 wird
449 1543 75 20 zum
538 1532 211 38 ungestümen
765 1529 162 39 Verfolger
941 1545 42 4 —
996 1527 100 29 wobei
1111 1526 83 29 nach
1209 1524 153 39 Analogie
1378 1523 55 29 des
1449 1520 136 31 Marino-

204 1580 138 30 Mosaiks
362 1578 78 40 (und
456 1578 46 29 im
519 1576 152 30 Hinblick
688 1575 57 29 auf
761 1574 57 29 das
836 1572 83 30 oben
935 1570 215 41 besprochene
1168 1567 184 33 Verhältnis
1369 1567 56 30 der
1443 1565 129 40 Kompo­

204 1625 95 29 sition
320 1623 54 30 des
395 1620 293 41 Agostino-Stiches
708 1629 56 19 zur
785 1617 131 29 antiken
938 1614 145 41 Vorlage)
1105 1614 167 39 jedenfalls
1292 1623 41 18 zu
1353 1611 159 30 schließen
1532 1610 52 33 ist,

206 1669 65 29 daß
303 1669 51 28 die
380 1664 293 33 außerordentliche
702 1662 161 39 Stärkung
887 1661 56 29 des
968 1658 271 41 dynamischen
1265 1656 165 30 Elements
1455 1654 56 30 auf
1536 1653 51 29 die

209 1712 175 38 Rechnung
410 1710 170 30 Pierinos
606 1709 134 33 kommt,
768 1707 55 29 der
850 1705 102 31 damit
979 1703 159 37 „Flucht“
1166 1702 66 30 und
1259 1698 236 42 „Verfolgung“
1523 1701 64 25 erst

204 1757 90 29 recht
313 1755 140 31 intensiv
471 1754 161 38 gestaltet,
659 1751 153 31 vielmehr
838 1759 57 20 aus
914 1750 55 29 der
987 1749 132 29 antiken
1138 1747 135 38 Vorlage
1297 1741 291 42 herausgearbeitet

207 1802 67 29 hat.
299 1801 64 28 Für
386 1800 49 29 die
458 1807 134 22 neuere
616 1795 225 39 Entwicklung
862 1792 228 33 entscheidend
1111 1793 42 28 ist
1176 1790 178 39 jedenfalls,
1378 1788 63 30 daß
1465 1785 124 31 Pierino

208 1847 58 28 das
285 1843 215 31 Verlockende
518 1842 83 30 auch
620 1841 55 29 der
694 1839 185 30 formalen
901 1837 84 31 Seite
1004 1837 102 29 dieser
1124 1835 133 29 antiken
1277 1831 228 41 Komposition
1523 1838 67 20 nun

208 1889 114 29 wieder
336 1888 80 35 sah;
432 1887 131 30 Peneios
575 1884 209 30 einzuführen
798 1882 126 31 mochte
937 1881 69 31 ihm
1018 1881 85 30 seine
1115 1880 109 38 eigene
1238 1872 353 45 Ovid-Interpretation

210 1933 75 29 oder
302 1933 57 29 das
376 1931 132 31 Vorbild
525 1931 55 29 des
597 1926 295 34 Farnesinafreskos
908 1924 184 41 nahelegen,
1111 1924 75 29 aber
1203 1933 33 19 er
1253 1922 79 30 fand
1348 1931 66 20 nun
1431 1919 81 30 auch
1530 1916 61 30 den

210 1976 88 39 Weg,
315 1976 59 29 mit
392 1976 85 30 Hilfe
494 1976 55 28 der
566 1974 118 30 Antike
701 1973 50 28 die
768 1981 80 20 neue
865 1970 96 40 Figur
977 1966 314 44 kompositioneil
1309 1967 58 27 mit
1385 1965 98 29 voller
1501 1962 78 30 Klar­

212 2021 65 30 heit
299 2019 222 32 einzuordnen.

295 2065 41 29 So
350 2065 58 30 hat
422 2065 87 29 denn
523 2063 83 30 auch
622 2063 51 28 die
688 2071 80 18 neue
781 2056 340 43 Gruppierungskunst
1136 2056 100 29 dieses
1247 2054 134 35 Blattes,
1399 2053 57 28 wie
1473 2051 49 31 die
1539 2050 55 30 der

215 2110 136 29 anderen
373 2107 244 40 Darstellungen
637 2106 55 29 der
713 2105 105 38 Folge,
840 2102 202 41 ungeheuren
1062 2100 166 32 Eindruck
1245 2098 160 39 gemacht,
1427 2096 67 30 und
1513 2093 81 31 noch

215 2155 51 28 die
280 2152 139 31 ehemals
433 2153 121 35 Tizian,
570 2151 86 29 dann
672 2147 247 33 Padovanino
934 2143 295 43 zugeschriebenen,
1245 2143 50 30 bis
1309 2153 41 18 zu
1364 2142 103 29 ihrem
1482 2139 100 32 Unter­

216 2207 83 29 gang
321 2197 71 29 sehr
413 2196 192 30 berühmten
627 2191 314 43 Tapetenmalereien
964 2192 55 29 des
1041 2188 202 32 Blenheimer
1267 2186 161 31 Schlosses
1448 2182 150 34 erweisen

217 2241 66 30 sich
302 2241 47 28 als
368 2240 125 40 Kopien
511 2240 82 29 nach
610 2239 107 34 ihnen,
737 2237 67 29 und
822 2246 83 20 zwar
923 2253 42 5 —
982 2236 57 28 wie
1059 2243 75 21 man
1153 2242 41 20 an
1214 2231 73 30 dem
1307 2226 290 35 Schabkunstblatt

303 2312 23 30 1)
341 2311 32 23 A.
385 2309 171 29 Milchhöfer,
587 2309 51 23 Die
668 2307 148 32 Befreiung
845 2307 49 23 des
924 2304 189 29 Prometheus,
1144 2310 42 24 42.
1217 2296 381 37 Winckelmannprogramm,

218 2347 94 24 Berlin
326 2346 78 28 1882;
423 2347 29 22 F.
464 2345 114 28 Winter,
591 2343 168 24 Altertümer
770 2349 56 18 von
838 2341 152 32 Pergamon
1002 2342 64 25 VII,
1080 2347 23 20 2,
1119 2338 95 31 I75ff.,
1227 2336 94 24 Berlin
1335 2335 74 29 1908.
1431 2334 51 23 Die
1494 2332 95 27 Einzel­

217 2383 111 24 formen
346 2382 49 24 der
405 2381 84 30 Figur
506 2381 49 22 des
564 2379 116 24 Peneios
693 2378 97 24 stehen
800 2377 146 24 zweifellos
955 2378 82 23 unter
1046 2376 64 23 dem
1120 2373 115 24 Einfluß
1245 2372 49 23 des
1306 2371 122 24 Sklaven
1437 2377 47 15 zur
1495 2367 107 27 Linken

221 2418 77 32 Joels
310 2425 38 16 an
360 2417 50 24 der
424 2415 188 25 Sixtinischen
625 2414 94 23 Decke
733 2413 65 31 (vgl.
809 2412 150 25 besonders
972 2412 129 24 Rücken-
1113 2410 59 23 und
1186 2407 197 30 Armhaltung)
1399 2405 58 23 und
1470 2403 49 26 des
1531 2411 71 18 vorn

217 2454 147 31 liegenden
382 2451 164 31 Flußgottes
564 2451 29 23 in
612 2449 112 23 Rafaels
744 2446 305 34 Götterversammlung
1068 2446 48 24 der
1135 2443 151 25 Farnesina
1306 2442 65 30 (vgl.
1391 2438 148 27 besonders
1558 2440 43 25 die

221 2487 217 32 Haarbildung).

301 2524 25 30 2)
341 2524 29 23 C.
384 2521 114 28 Robert,
525 2521 52 23 Die
601 2519 114 24 antiken
735 2516 252 35 Sarkophagreliefs
1005 2518 55 26 III,
1072 2523 23 24 3,
1122 2513 94 25 Berlin
1235 2519 75 22 1919,
1333 2512 26 23 S.
1372 2511 59 30 438,
1452 2510 56 31 Fig.
1523 2514 79 27 351".

301 2560 26 29 3)
342 2557 106 29 Müller,
467 2564 24 17 a.
504 2564 25 16 a.
541 2557 32 23 O.
593 2556 71 22 Abb.
677 2563 24 21 4.
