2464 3159
194 365 105 26 Wandel
320 365 44 23 der
386 364 312 33 Peneios-Auffassung;
719 363 119 32 Cignani

1524 363 41 33 31

192 430 68 29 eine
284 428 209 36 bedeutende,
516 430 33 37 ja
572 427 242 31 entscheidende
831 427 170 38 Neuerung
1022 427 177 38 gegenüber
1229 428 54 28 der
1305 427 163 30 Tradition
1475 429 12 16 1
1489 428 9 37 )
1518 444 50 18 —,

191 473 150 31 schildert
357 473 77 29 aber
449 474 86 28 dann
550 482 61 19 nur
626 473 61 27 den
703 470 111 39 Erfolg
829 471 54 27 der
900 470 169 38 Erhörung
1083 470 83 28 ihrer
1183 470 97 32 Bitte,
1297 471 82 30 ohne
1395 472 62 28 den
1473 471 97 31 Vater

191 518 98 30 selbst
308 517 172 38 gleichsam
497 516 148 35 „Gestalt
661 514 185 38 gewinnen“
867 524 39 18 zu
924 513 112 30 lassen.
1058 514 44 28 Es
1117 513 42 29 ist
1176 514 113 37 jedoch
1306 513 251 33 selbstverständ­

191 562 73 35 lich,
282 561 63 30 daß
362 563 55 27 der
434 559 267 31 Barockkünstler
717 567 66 20 nun
800 567 63 19 von
879 558 66 28 sich
961 566 57 20 aus
1034 558 61 27 den
1113 557 109 38 Drang
1238 558 108 28 fühlen
1364 559 120 34 mußte,
1503 560 66 32 das,

192 616 65 20 was
276 606 56 29 der
352 605 155 30 Dichter
526 604 99 29 durch
645 603 50 28 die
715 601 177 31 zeitliche
913 601 111 38 Folge
1043 611 63 18 von
1129 600 102 31 Gebet
1251 602 66 27 und
1337 600 234 40 Verwandlung

192 651 47 28 als
260 648 181 39 Wirkung
461 648 54 29 der
537 647 106 29 Macht
666 647 56 28 des
743 645 113 31 Vaters
878 645 140 28 deutlich
1039 644 150 37 gemacht
1209 645 101 33 hatte,
1333 654 66 19 nun
1421 646 81 28 auch
1524 647 47 27 als

194 694 113 30 Maler
322 694 100 29 durch
437 690 188 30 bildhafte
641 688 232 40 Verknüpfung
887 699 39 18 zu
940 689 168 37 gestalten,
1132 688 92 30 dabei
1245 698 67 19 nun
1327 688 75 28 aber
1421 690 78 28 über
1515 689 56 29 das

193 739 93 28 bloße
306 736 155 30 formale
481 735 159 37 Einfügen
662 734 69 35 (wie
750 742 33 21 es
803 733 125 28 Pierino
946 732 139 38 gegeben
1105 732 103 38 hatte)
1228 732 257 39 hinauszugehen
1506 733 65 28 und

194 783 130 28 Peneios
350 780 219 29 wirksamen
590 779 106 28 Anteil
724 787 52 19 am
798 776 181 29 Geschehen
1000 777 136 27 nehmen
1156 786 39 18 zu
1214 776 113 34 lassen,
1348 776 65 27 und
1433 776 138 39 zugleich

193 826 59 31 alle
271 824 179 38 bisherigen
467 822 313 38 Errungenschaften
800 822 32 27 in
853 822 55 27 der
928 819 220 39 Bewältigung
1167 820 55 28 des
1241 819 272 31 Transitorischen
1533 830 39 19 zu

193 871 178 34 bewahren,
394 869 29 28 d.
438 868 30 28 h.
493 868 65 28 also
580 867 142 37 zugleich
745 865 49 30 die
816 864 168 38 logischste
1007 865 66 27 und
1095 863 50 29 die
1168 863 245 30 dramatischste
1435 863 137 40 Lösung,

193 916 49 30 die
269 912 255 38 kompositionell
549 911 173 38 gleichsam
747 908 225 40 „endgültige“
1003 907 191 38 Gestaltung
1220 908 55 29 des
1301 906 271 32 Transitorischen

192 970 40 20 zu
251 959 111 36 geben.

272 1002 93 28 Diese
386 1001 127 37 Lösung
530 999 73 38 gab,
623 999 58 27 wie
699 1009 35 18 es
752 997 133 36 scheint,
905 997 33 28 in
958 996 55 30 der
1030 995 140 30 reinsten
1191 996 95 28 Form
1305 995 91 30 Carlo
1416 994 156 40 Cignani

192 1049 34 29 in
246 1047 104 29 einem
371 1044 117 30 Fresko
510 1044 55 28 des
587 1043 135 29 Palazzo
744 1042 50 30 del
818 1040 152 30 Giardino
992 1051 39 18 zu
1054 1040 116 28 Parma
1194 1040 93 37 (Abb.
1301 1040 61 37 33).
1367 1040 12 16 2
1380 1039 10 37 )
1420 1040 60 28 Die
1507 1040 67 28 drei

193 1092 137 39 Figuren
345 1090 72 28 sind
432 1088 67 29 hier
515 1098 40 18 zu
571 1087 84 30 einer
674 1085 131 40 Gruppe
821 1084 394 39 zusammengeschlossen,
1233 1084 49 28 die
1299 1093 63 20 von
1379 1083 195 30 vollendeter

193 1135 101 40 Logik
311 1135 67 29 und
397 1133 145 29 Klarheit
562 1132 54 29 der
634 1130 234 31 thematischen
887 1130 57 28 wie
962 1129 155 28 formalen
1136 1128 176 39 Erfassung
1328 1128 52 28 ist.
1401 1128 58 29 Die
1478 1127 96 39 Figur

193 1180 130 39 Apollos
337 1180 135 27 stammt
489 1176 166 30 zweifellos
670 1186 65 18 von
752 1175 124 29 Pierino
893 1175 50 28 del
959 1174 89 38 Vaga
1066 1172 93 38 (Abb.
1174 1173 61 36 29),
1253 1172 111 30 dessen
1383 1171 191 39 Gestaltung

194 1224 100 40 gewiß
314 1224 81 28 auch
414 1222 74 29 dem
508 1220 130 30 Ganzen
656 1220 120 29 zuletzt
794 1219 163 37 zugrunde
974 1218 93 37 liegt;
1086 1217 77 29 aber
1181 1217 133 37 Cignani
1331 1216 178 38 gegenüber
1528 1225 33 20 er­

194 1269 122 31 scheint
327 1278 66 18 nun
404 1267 98 28 selbst
515 1265 141 29 Pierinos
666 1263 128 39 Lösung
806 1261 179 36 „addiert“,
998 1261 173 38 unlogisch,
1183 1261 87 28 nicht
1283 1269 74 21 zum
1366 1260 195 29 dramatisch­

194 1317 71 26 sten
286 1312 141 28 Moment
447 1309 178 38 gesteigert.
647 1309 100 34 Zwar,
769 1308 57 29 wie
847 1307 148 28 Phoebus
1014 1306 67 28 hier
1101 1306 136 37 Daphne
1257 1314 81 29 ganz
1358 1305 137 33 umfaßt,
1517 1304 57 28 wie

193 1359 45 28 sie
255 1356 67 30 sich
339 1358 94 26 unter
450 1355 73 27 dem
539 1353 123 38 Zugriff
678 1351 118 30 windet
814 1369 40 2 —
871 1351 153 37 Drehung
1041 1350 54 28 des
1114 1350 140 37 Körpers
1272 1349 65 28 und
1358 1346 203 32 Gesichtsaus­

194 1401 101 30 druck
315 1401 147 27 verraten
484 1397 152 29 Studium
654 1398 57 27 des
731 1395 152 29 Laokoon
903 1413 40 2 —
962 1395 67 27 und
1048 1394 58 28 wie
1126 1394 51 28 die
1198 1393 235 37 Verwandlung
1452 1403 41 18 an
1513 1393 62 27 den

194 1445 136 39 Fingern
341 1444 79 28 eben
431 1442 141 37 beginnt,
586 1441 56 29 das
652 1451 67 18 war
729 1440 82 28 wohl
821 1440 98 28 schon
929 1439 108 28 früher
1047 1437 206 38 gelegentlich
1265 1439 122 35 gewagt
1399 1436 126 29 worden
1536 1453 40 3 —

192 1489 98 30 schon
304 1489 44 27 im
362 1485 289 36 Farnesinofresko,
666 1494 59 19 vor
739 1484 94 28 allem
846 1483 85 34 aber,
947 1482 116 30 bereits
1076 1482 33 28 in
1123 1480 237 30 verblüffender
1372 1475 203 34 Ähnlichkeit

193 1534 55 28 der
270 1532 189 37 Bewegung,
481 1530 33 28 in
535 1529 139 29 schönen
695 1527 224 39 Zeichnungen
941 1526 55 29 des
1020 1525 126 30 Simone
1169 1524 196 30 Cantarini
1390 1523 183 39 (1612—48)

191 1579 34 29 in
238 1578 55 30 der
306 1577 99 28 Brera
420 1575 94 39 (Abb.
528 1574 50 38 34)
586 1574 13 17 3
600 1573 26 39 );
647 1572 78 30 aber
744 1572 58 30 das
815 1572 88 29 Neue
914 1570 54 36 ist,
981 1570 59 30 wie
1054 1570 131 29 Peneios
1198 1580 66 18 nun
1277 1568 194 36 wirklichen,
1484 1568 79 30 wirk­

194 1632 109 21 samen
320 1620 107 30 Anteil
443 1629 52 18 am
514 1618 183 29 Geschehen
714 1618 126 33 nimmt,
858 1616 108 29 indem
981 1626 33 18 er
1031 1615 59 28 mit
1109 1615 125 37 Körper
1250 1614 66 29 und
1333 1614 91 28 Blick
1440 1614 137 37 Daphne

195 1678 39 19 zu
255 1666 66 29 sich
343 1664 200 30 aufnimmt
553 1663 12 17 4
567 1664 25 36 ):
621 1662 67 29 ihre
716 1662 154 37 Drehung
889 1662 34 27 in
945 1660 50 29 die
1017 1658 248 30 Vorderansicht
1287 1658 102 30 erhält
1411 1661 64 25 erst
1498 1658 80 38 jetzt

194 1720 80 30 ganz
298 1710 91 28 ihren
418 1707 86 36 Sinn,
530 1717 48 19 wo
602 1707 67 28 ihre
696 1706 98 38 Figur
819 1706 61 28 den
907 1704 200 30 Mittelteil
1133 1703 55 29 der
1213 1703 99 28 schön
1337 1702 241 38 geschlossenen

278 1780 23 30 1)
319 1781 80 22 Siehe
416 1779 109 24 Exkurs
536 1778 23 23 I.

276 1816 24 30 2)
316 1816 56 23 Um
396 1815 65 30 1678
484 1813 177 27 entstanden,
684 1812 56 30 vgl.
761 1811 136 24 Gerevich
919 1812 29 22 in
965 1808 234 25 Thieme-Becker
1216 1809 49 25 VI,
1285 1807 74 31 577!.
1380 1807 112 26 Zanelli,
1511 1807 67 23 Vita

196 1854 44 22 del
259 1871 4 3 .
278 1870 5 5 .
298 1870 4 4 .
321 1850 120 24 cavalier
457 1848 87 25 Conte
561 1849 28 23 C.
602 1847 38 28 C.,
658 1847 127 31 Bologna
803 1854 75 23 1722,
900 1854 39 22 15.
957 1845 136 24 Wertvoll
1110 1844 37 23 ist
1163 1844 45 22 die
1225 1850 139 23 anonyme
1383 1841 194 28 ,,Descrizione

197 1889 42 23 de’
259 1887 108 24 cartoni
385 1885 137 31 disegnati
541 1885 36 22 da
595 1883 28 24 C.
645 1884 28 22 C.
696 1903 4 3 .
716 1902 4 4 .
736 1903 3 3 .
760 1882 143 32 posseduti
922 1881 46 24 dal
989 1880 99 31 Signor
1109 1881 31 22 G.
1156 1879 119 26 Smith,“
1296 1878 121 24 Venezia
1438 1884 75 24 1749,
1534 1884 42 16 wo

199 1925 26 22 S.
237 1920 264 27 XXVII—XXXV
518 1920 69 23 über
607 1919 54 23 den
679 1920 30 21 in
723 1919 82 23 Anm.
818 1926 16 21 4
854 1917 160 23 erwähnten
1030 1916 110 23 Karton
1154 1915 48 22 des
1217 1914 116 23 Freskos
1348 1913 51 23 mit
1414 1913 98 30 großer
1526 1913 39 22 Be­

196 1958 134 24 lesenheit
349 1955 169 25 ausführlich
536 1955 149 30 gehandelt
703 1955 77 22 wird.
800 1968 36 2 —
853 1954 86 22 Nicht
958 1951 112 32 zufällig
1090 1952 48 28 (im
1160 1950 83 23 Sinne
1262 1949 134 30 logischer
1415 1948 152 31 „Analogie­

197 1993 144 33 bildung“)
355 1993 37 22 ist
403 1992 48 23 der
463 1991 98 31 Apollo
573 1990 130 30 Cignanis
714 1990 30 22 in
756 1989 173 31 Oberkörper
941 1988 56 23 und
1012 1987 76 29 Kopf
1099 1993 53 23 eng
1163 1986 145 22 verwandt
1320 1984 52 24 mit
1384 1985 48 22 der
1445 1983 72 24 Frau
1531 1984 48 22 des

199 2028 132 33 Potiphar
349 2028 47 23 auf
414 2026 103 25 seinem
535 2026 165 23 berühmten
722 2024 176 32 Josephsbild
916 2024 29 22 in
964 2023 132 23 Dresden.

278 2063 24 31 3)
317 2063 142 23 Cantarini
477 2062 50 23 hat
546 2062 49 22 das
611 2061 90 23 Motiv
720 2059 116 24 viermal
849 2060 28 22 in
893 2057 193 32 Zeichnungen
1101 2057 48 23 der
1163 2057 84 22 Brera
1262 2055 181 31 ausprobiert,
1461 2055 118 30 Daphne

199 2100 86 24 schon
296 2106 58 16 von
366 2098 165 24 vornherein
544 2096 111 24 ähnlich
669 2096 52 23 wie
734 2097 45 22 bei
792 2095 118 30 Cignani
922 2093 166 31 gestaltend,
1103 2094 38 22 im
1156 2092 100 30 Apollo
1269 2091 66 23 aber
1349 2092 56 21 erst
1419 2090 160 23 allmählich

200 2142 63 17 zum
277 2134 89 24 Motiv
385 2133 47 24 des
446 2132 211 31 Umschlingens
675 2131 186 30 vordringend
882 2129 81 30 (wohl
982 2128 124 24 früheste
1120 2128 124 29 Fassung
1263 2126 158 31 abgebildet
1436 2126 44 22 bei
1495 2125 85 23 Mala-

200 2169 188 32 guzzi-Valeri,
406 2171 12 21 I
434 2168 106 30 disegni
555 2167 72 24 della
643 2168 33 22 R.
694 2168 61 22 Pin.
772 2167 28 22 di
816 2167 92 25 Brera,
926 2164 123 25 Mailand
1068 2165 75 27 1906,
1161 2164 47 21 Nr.
1222 2163 57 30 39);
1296 2161 116 24 Peneios
1427 2161 37 22 ist
1478 2160 101 30 jedoch

199 2207 30 22 in
249 2204 72 23 allen
341 2205 71 22 noch
431 2203 137 24 durchaus
589 2202 213 25 nebensächlich
821 2200 151 24 behandelt
993 2200 66 22 oder
1079 2198 183 31 ausgelassen.
1286 2198 57 23 Das
1364 2195 147 24 Umfassen
1532 2195 48 23 der

200 2241 119 31 Daphne
339 2247 56 15 von
415 2239 115 24 hinten
552 2238 81 30 (Abb.
646 2246 33 22 34
699 2237 103 31 rechts)
825 2238 100 21 nähert
946 2235 144 25 Cantarini
1111 2234 78 23 stark
1209 2234 49 22 der
1277 2233 136 23 Miniatur
1433 2232 29 21 in
1485 2230 94 23 Gotha

201 2276 83 31 (Abb.
298 2275 56 30 11);
375 2272 233 27 Zwischenstufen
627 2274 61 22 sind
708 2274 53 22 mir
779 2273 101 31 jedoch
898 2272 78 23 nicht
995 2271 126 22 bekannt
1140 2270 153 29 geworden.

281 2312 25 29 4)
323 2309 198 33 Ursprünglich
543 2317 56 15 war
620 2310 50 22 das
691 2308 92 24 Motiv
805 2309 48 22 des
870 2306 224 24 Aufnehmens
1112 2305 48 23 der
1179 2305 119 29 Daphne
1316 2303 88 23 durch
1422 2301 53 24 den
1494 2300 86 23 Vater

200 2347 72 24 noch
287 2344 160 25 wesentlich
461 2344 216 25 eindrücklicher
692 2345 41 22 als
748 2344 83 23 heute
847 2343 87 23 durch
950 2341 50 25 das
1016 2340 174 24 Umfassen
1204 2340 88 23 ihres
1307 2337 136 25 rechten
1460 2335 117 24 Beines

201 2382 59 24 mit
274 2381 107 24 seiner
395 2380 110 24 linken
521 2379 94 24 Hand
630 2379 184 30 ausgebildet;
830 2379 50 23 das
894 2376 115 25 beweist
1023 2377 49 22 der
1086 2384 51 15 aus
1151 2376 48 22 der
1216 2374 163 29 Sammlung
1393 2372 48 23 des
1458 2371 121 23 Konsuls

202 2417 91 25 Smith
314 2418 30 22 in
361 2416 123 30 Venedig
500 2416 72 23 nach
590 2415 145 31 Hampton
752 2414 85 24 Court
854 2413 135 31 gelangte,
1008 2420 56 15 von
1085 2413 24 29 J.
1122 2411 36 23 M.
1171 2411 115 22 Liotard
1303 2409 39 23 im
1361 2406 157 32 Gegensinn
1535 2414 33 21 ge­

200 2453 142 28 stochene,
361 2453 77 21 sonst
456 2451 51 23 mit
524 2451 63 22 dem
605 2451 102 22 Fresko
724 2450 56 23 fast
796 2449 154 23 identische
969 2448 108 23 Karton
1095 2447 58 23 und
1170 2446 45 23 ein
1233 2453 88 22 genau
1339 2441 240 32 entsprechendes,

201 2489 72 23 auch
288 2489 28 22 in
332 2488 48 23 der
397 2486 204 32 Photographie
616 2486 124 22 deutlich
755 2485 153 23 sichtbares
923 2483 160 24 Pentiment
1099 2481 47 24 auf
1162 2481 64 23 dem
1241 2480 111 23 Fresko.
1369 2478 39 23 Es
1422 2477 37 22 ist
1474 2478 105 22 schwer

201 2523 173 29 einzusehen,
394 2529 105 16 warum
518 2521 87 23 dieser
624 2521 153 29 glückliche
797 2520 64 29 Zug,
882 2520 48 22 der
949 2518 58 24 sich
1026 2519 86 21 schon
1131 2517 44 23 bei
1196 2516 115 23 Poussin
1330 2513 90 24 findet
1441 2513 30 29 (s.
1493 2515 86 21 unten

204 2560 26 23 S.
243 2561 34 27 36
294 2559 72 23 Abb.
379 2557 43 31 44)
450 2556 97 31 getilgt
566 2557 110 23 worden
693 2557 46 22 ist.
