2409 3159
863 328 42 29 i6

1408 333 131 22 Bildliche
1554 333 205 29 Darstellungen
1774 334 30 21 in
1819 334 153 22 Mittelalter
1986 336 54 22 und
2057 335 181 23 Renaissance

861 398 88 28 nicht
969 406 60 18 nur
1050 396 61 27 den
1129 395 88 36 Kopf
1235 397 127 32 ersetzt,
1383 396 137 27 sondern
1544 395 60 28 den
1625 405 121 28 ganzen
1763 397 78 27 Leib
1862 405 76 19 vom
1960 397 111 28 Gürtel
2092 408 40 18 an
2152 401 84 26 samt

861 442 61 27 den
945 440 129 32 Armen,
1099 439 150 28 während
1273 438 217 38 Unterkörper
1517 439 66 28 und
1607 439 96 28 Beine
1724 450 76 18 vom
1826 440 89 27 Rock
1941 441 202 38 stammartig
2169 452 55 18 um­

860 484 159 28 schlossen
1040 482 125 28 werden
1180 499 41 2 —
1234 482 56 28 das
1314 483 107 27 Ganze
1440 483 180 28 wesentlich
1640 482 237 39 „glaublicher"
1893 484 227 38 durchgeführt
2141 487 46 27 als
2204 486 32 28 in

861 529 62 27 den
943 526 131 37 vorigen
1095 526 157 28 Blättern.

942 570 189 28 Schließlich
1145 570 42 27 ist
1202 570 55 27 auf
1272 570 54 28 der
1341 570 100 28 durch
1456 570 50 28 die
1522 570 204 30 Publikation
1741 581 65 19 van
1821 572 61 28 den
1900 571 130 37 Gheyns
2044 572 192 35 bekannten,

860 624 64 19 von
945 614 141 28 Winkler
1107 614 117 36 Loyset
1246 613 110 29 Liedet
1378 614 284 37 zugeschriebenen
1683 615 153 29 Miniatur
1858 616 55 28 der
1934 625 64 19 von
2020 615 107 28 Mielot
2148 616 76 28 bear­

859 658 141 29 beiteten
1020 658 143 36 Fassung
1182 657 55 28 der
1255 656 142 39 gleichen
1415 658 112 28 Arbeit
1548 658 54 28 der
1621 658 158 30 Christine
1799 660 38 28 de
1857 660 96 28 Pisan
1971 660 33 27 in
2024 659 128 28 Brüssel
2173 659 66 37 (um

862 701 88 38 1461,
965 702 82 27 Abb.
1062 701 29 37 9)
1100 700 10 17 1
1114 700 8 38 )
1145 701 56 28 das
1216 700 148 29 Problem
1383 702 55 28 der
1452 702 232 37 Verwandlung
1697 703 54 29 der
1766 704 137 36 Daphne
1920 703 68 38 (wie
2002 703 76 28 aller
2092 703 133 29 Verwan­

860 745 107 30 delten
985 744 56 29 auf
1058 745 60 27 den
1137 744 137 28 anderen
1292 745 158 38 Blättern)
1470 747 56 27 auf
1543 746 50 28 die
1610 746 175 30 einfachste
1803 747 102 29 Weise
1923 756 191 29 umgangen,
2132 746 108 28 indem

860 789 210 30 menschliche
1103 788 96 37 Figur
1230 788 67 29 und
1328 789 103 28 Baum
1462 790 221 29 unvermittelt
1714 791 255 29 nebeneinander
2004 791 126 37 gestellt
2168 790 72 28 sind

864 833 126 38 (ebenso
1006 832 57 28 wie
1079 832 33 28 in
1128 832 84 28 einer
1227 832 234 39 gleichzeitigen
1481 833 139 29 Gothaer
1637 834 155 30 Christine
1809 836 38 28 de
1865 836 178 33 Pisan-Hs.,
2062 844 48 19 wo
2126 834 114 37 Apollo

863 887 62 18 von
946 877 54 28 der
1024 876 168 28 Sitzenden
1212 876 168 39 geruhsam
1400 878 61 27 den
1483 878 107 28 Kranz
1610 878 285 38 entgegennimmt:
1918 880 34 27 L.
1968 879 139 34 Olschki,
2130 878 110 28 Manu-

862 920 90 30 scrits
971 920 136 37 fran?ais
1126 919 18 28 ä
1164 920 160 38 peintures
1344 921 53 28 des
1418 922 231 36 bibliotheques
1664 922 226 38 d’Allemagne,
1914 922 83 30 Genf
2013 931 87 29 1932,
2117 923 68 28 Taf.
2200 921 40 29 66

862 975 31 19 u.
910 964 29 30 S.
955 964 60 38 54).
1038 963 79 29 Eine
1131 963 214 39 Abweichung
1366 965 82 28 allen
1469 965 137 28 anderen
1616 965 245 38 Darstellungen
1875 966 55 28 der
1952 966 97 29 Fabel
2062 966 177 38 gegenüber

861 1008 115 29 beruht
998 1008 123 34 darauf,
1152 1008 62 28 daß
1237 1008 54 29 der
1311 1009 180 28 Illustrator
1511 1008 67 29 sich
1599 1018 60 28 eng
1681 1018 40 20 an
1744 1010 62 28 den
1825 1010 158 29 vielleicht
2005 1010 56 29 auf
2083 1010 156 29 Froissart

862 1052 281 38 zurückgehenden
1162 1052 67 37 Zug
1246 1061 64 19 von
1325 1053 171 28 Christines
1515 1052 81 28 Text
1618 1053 88 33 hielt,
1725 1054 81 27 nach
1827 1053 73 29 dem
1914 1054 135 36 Daphne
2065 1063 58 25 ,,sa
2138 1054 100 37 priere

860 1097 56 28 fist
938 1106 19 18 a
980 1096 119 37 dyane
1107 1095 11 16 2
1121 1095 8 37 )
1156 1096 30 27 la
1211 1096 106 29 deesse
1343 1106 61 27 que
1429 1106 34 18 sa
1487 1096 148 37 virginite
1660 1097 56 37 luy
1734 1096 135 30 voulsist
1888 1097 161 28 saulver”:
2070 1097 104 29 Diana
2192 1107 33 19 er­

860 1140 121 29 scheint
1001 1140 33 27 in
1053 1139 55 28 der
1129 1139 76 28 Luft
1225 1139 197 33 schwebend,
1450 1139 66 28 und
1541 1149 39 18 zu
1597 1140 49 27 ihr
1671 1140 81 29 sieht
1772 1140 137 38 Daphne
1930 1140 127 29 bittend
2076 1141 64 28 auf.
2167 1142 71 27 Ihre

863 1184 144 29 Gebärde
1040 1183 236 29 dokumentiert
1302 1184 57 28 wie
1385 1184 50 27 die
1460 1183 96 28 vieler
1582 1183 135 39 Figuren
1746 1184 100 29 dieses
1862 1184 217 37 Manuskripts
2101 1184 138 29 deutlich

859 1229 68 27 ihre
952 1226 162 29 Herkunft
1145 1236 75 18 vom
1242 1227 165 38 religiösen
1429 1227 319 38 Darstellungskreis:
1776 1238 34 18 es
1835 1228 42 28 ist
1904 1228 68 28 eine
1998 1228 229 37 Ergebenheits­

859 1271 147 38 gebärde,
1041 1270 57 29 wie
1124 1270 44 29 sie
1189 1270 100 29 Maria
1315 1271 177 38 gegenüber
1519 1271 72 28 dem
1616 1271 330 30 herabschwebenden
1964 1272 264 37 Verkündigungs­

860 1316 97 28 boten
981 1315 74 28 oder
1078 1317 83 26 etwa
1183 1314 108 30 David
1319 1315 46 28 im
1389 1315 102 28 Gebet
1514 1325 57 18 vor
1594 1316 55 28 der
1671 1315 222 30 himmlischen
1912 1316 218 37 Erscheinung
2135 1316 12 17 3
2149 1316 10 37 )
2186 1325 41 19 an­

860 1359 97 35 steht,
983 1368 60 19 nur
1063 1358 63 28 daß
1144 1359 68 29 hier
1231 1369 57 19 aus
1308 1359 54 28 der
1383 1359 221 38 Kniestellung
1621 1360 69 28 eine
1708 1360 75 29 leise
1802 1359 294 40 Schrittbewegung
2116 1360 46 28 als
2178 1360 49 28 An­

861 1403 143 38 deutung
1026 1403 54 28 der
1103 1402 159 36 „Flucht“
1291 1404 182 28 entwickelt
1494 1404 52 28 ist.
1569 1404 175 38 Jedenfalls
1768 1405 43 28 ist
1831 1404 59 28 mit
1913 1405 121 28 solcher
2052 1405 190 36 Anlehnung

860 1448 153 37 Daphnes
1037 1447 196 38 Bedrängnis
1262 1448 181 28 wesentlich
1466 1447 250 30 eindrücklicher
1737 1448 305 39 herausgekommen
2056 1449 46 28 als
2116 1449 56 28 auf
2186 1449 55 28 der

861 1492 126 37 Haager
1003 1490 161 35 Miniatur,
1187 1492 66 27 und
1267 1493 81 27 auch
1363 1492 50 28 die
1427 1491 206 38 Wiedergabe
1648 1492 54 29 des
1716 1491 225 40 verfolgenden
1961 1493 65 28 und
2044 1493 33 28 in
2097 1493 54 28 der
2166 1493 61 28 Ver­

860 1535 130 38 folgung
1012 1535 190 29 stutzenden
1224 1536 113 37 Apollo
1365 1537 57 27 hat
1445 1545 181 29 gewonnen,
1650 1546 35 19 so
1707 1537 465 38 unmythologisch-sonderbar
2189 1537 50 28 die

861 1580 331 38 Anbiederungsszene
1216 1581 45 27 im
1284 1581 218 38 Mittelgrund,
1534 1582 49 28 die
1610 1582 157 29 Kostüme
1795 1583 66 27 und
1881 1583 50 27 die
1952 1582 288 29 Bauernhäuschen

861 1624 80 29 auch
961 1625 181 28 erscheinen
1163 1626 122 36 mögen.

942 1669 37 28 In
996 1668 141 28 Italien
1152 1668 42 28 ist
1210 1678 60 19 uns
1286 1678 60 19 nur
1361 1669 81 29 eine
1459 1670 206 37 Darstellung
1681 1670 54 28 des
1751 1671 138 27 Themas
1904 1669 143 30 bekannt
2063 1670 177 37 geworden,

861 1713 50 27 die
929 1713 54 28 der
1000 1713 219 28 trecentesken
1236 1713 165 28 Tradition
1418 1714 165 37 angehört,
1601 1714 67 28 und
1684 1715 81 27 auch
1783 1714 84 29 diese
1884 1724 74 27 mag
1974 1714 99 28 kaum
2088 1723 58 19 vor
2164 1722 78 28 1400

860 1757 194 28 entstanden
1079 1756 76 29 sein.
1184 1757 43 28 Es
1252 1757 133 28 handelt
1411 1757 66 29 sich
1504 1768 55 18 um
1585 1758 194 28 Miniaturen
1804 1758 85 28 eines
1915 1757 71 30 sehr
2012 1758 231 28 interessanten

861 1801 320 28 Berchorius-Kodex
1204 1801 34 28 in
1266 1801 116 34 Gotha,
1409 1801 111 29 dessen
1544 1812 155 27 genauere
1725 1803 241 36 Lokalisierung
1990 1802 171 37 schwierig,
2187 1802 55 28 der

861 1845 75 28 aber
955 1845 101 28 sicher
1075 1844 304 35 oberitalienischen,
1399 1845 158 29 vielleicht
1577 1846 253 29 lombardischen
1850 1846 181 38 Ursprungs
2055 1846 51 28 ist.
2114 1846 13 16 4
2127 1846 9 37 )
2165 1845 76 28 Hier

944 1924 23 29 1)
983 1924 50 22 Ms.
1046 1930 67 23 9392
1131 1923 47 23 fol.
1190 1931 34 20 90
1241 1931 26 15 v.
1280 1937 34 3 —
1325 1925 25 29 J.
1359 1931 57 16 van
1432 1925 54 22 den
1505 1925 107 30 Gheyn,
1629 1925 138 23 Christine
1784 1926 34 22 de
1835 1925 90 26 Pisan,
1944 1925 96 31 Epitre
2056 1924 119 23 d’Othäa
2194 1943 5 3 .
2214 1942 4 4 .
2234 1942 4 4 .

863 1959 143 22 Bruxelles
1032 1966 74 22 1913,
1132 1958 40 23 PI.
1185 1959 45 27 86;
1256 1960 29 22 F.
1298 1959 131 27 Winkler,
1454 1960 52 23 Die
1529 1960 143 23 flämische
1696 1961 200 26 Buchmalerei,
1920 1960 111 31 Leipzig
2056 1966 74 23 1925,
2158 1959 26 23 S.
2197 1966 42 23 75.

862 1995 57 21 Das
934 1994 110 23 Kolorit
1057 1994 73 29 zeigt
1143 1994 127 30 kräftige,
1285 1995 70 22 helle
1368 1994 218 31 Vielfarbigkeit.
1601 2010 36 2 —
1649 1992 76 27 Über
1738 1996 95 23 Mielot
1847 1996 54 29 vgl.
1917 1995 44 23 die
1974 1994 267 30 Literaturangaben

863 2029 45 23 bei
927 2030 134 26 Laborde,
1079 2029 127 23 Miracles
1224 2030 34 22 de
1275 2031 87 22 Notre
1380 2031 96 26 Dame,
1496 2031 78 23 Publ.
1593 2032 34 22 de
1643 2032 27 22 la
1687 2038 53 16 soc.
1759 2032 86 29 franf.
1864 2032 33 21 de
1914 2031 105 30 reprod.
2041 2037 39 20 12,
2102 2030 75 28 1928,
2196 2037 43 15 20.

943 2064 25 30 2)
988 2064 143 30 Campbell
1148 2072 23 15 a.
1184 2072 24 15 a.
1222 2065 31 23 O.
1276 2065 26 23 S.
1317 2072 56 20 121,
1393 2072 57 23 193.
1464 2066 148 23 Vielleicht
1622 2066 69 29 liegt
1703 2066 59 23 hier
1775 2066 61 23 eine
1848 2065 212 31 Verwechslung
2073 2065 52 23 mit
2141 2065 101 29 Syrinx

862 2099 66 23 oder
939 2100 139 22 Arethusa
1090 2107 58 15 vor.
1161 2101 57 22 Vor
1229 2101 76 22 einer
1316 2100 213 31 Verwechslung
1540 2109 56 15 von
1608 2101 137 31 Daphne
1757 2102 57 22 und
1828 2102 105 22 Diana
1944 2102 91 21 warnt
2047 2100 196 24 ausdrücklich

861 2134 132 27 Chaucer,
1010 2135 175 30 Canterbury
1199 2136 81 23 Tales
1297 2136 68 29 (The
1381 2136 134 24 Harleian
1529 2138 51 21 Ms.
1593 2144 68 23 7334
1677 2138 29 21 of
1720 2138 66 22 Ch.s
1800 2137 29 23 C.
1841 2137 30 22 T.
1889 2138 41 21 ed.
1948 2137 38 29 by
2002 2136 29 23 F.
2048 2136 24 30 J.
2091 2135 150 26 Furnivall,

862 2170 116 23 London
996 2170 66 29 1885
1082 2170 26 23 S.
1121 2177 41 22 59,
1181 2171 57 22 The
1257 2171 138 30 Knightes
1411 2172 66 23 Tale
1493 2180 26 15 v.
1533 2172 162 30 2062—64):
1713 2173 73 22 Ther
1802 2180 56 15 saw
1875 2173 12 21 I
1906 2172 98 30 Dyane
2023 2170 100 31 (Dane)
2141 2171 101 22 turned

860 2206 30 22 in
908 2205 35 22 til
962 2213 17 15 a
995 2207 59 21 tree
1072 2205 9 30 /
1097 2206 12 22 I
1131 2213 79 16 mene
1230 2208 107 28 nought
1356 2207 49 24 the
1425 2208 102 29 goddes
1547 2209 99 29 Dyane
1664 2208 9 30 /
1691 2208 56 23 But
1767 2209 107 22 Peneus
1894 2207 153 31 Doughter,
2068 2206 49 23 the
2137 2206 105 22 whiche

861 2241 79 29 hight
959 2241 87 22 Dane.

942 2276 24 30 3)
986 2276 60 29 Vgl.
1062 2284 21 15 z.
1097 2277 31 22 B.
1145 2277 125 26 Durrieu,
1297 2278 38 22 La
1355 2277 148 24 Miniature
1521 2279 158 25 Flamande,
1704 2279 77 22 Paris
1797 2286 74 21 1921,
1887 2278 60 23 Taf.
1960 2278 81 23 XL1I
2059 2277 134 30 (Philippe
2207 2276 33 22 de

861 2311 178 30 Mazerolles).

942 2347 25 30 4)
987 2347 66 22 Cod.
1071 2348 114 22 membr.
1198 2348 23 26 I,
1232 2349 47 26 98:
1296 2348 172 24 Moralitates
1483 2349 123 23 Thomae
1626 2349 34 23 de
1675 2350 100 29 Anglia
1792 2357 82 23 super
1888 2348 85 25 libros
1988 2346 252 32 metamorphoseos

865 2382 225 30 (Jacobs-Ukert,
1106 2383 128 29 Beiträge
1248 2390 48 16 zur
1309 2384 105 23 älteren
1428 2384 54 23 Lit.
1496 2403 43 4 ...
1555 2385 22 26 I,
1592 2385 113 29 Leipzig
1720 2386 76 28 1835,
1811 2386 67 22 Abt.
1889 2386 33 25 V,
1937 2385 48 22 Nr.
1998 2391 42 23 95,
2057 2384 26 23 S.
2096 2381 70 31 252).
2182 2381 57 22 Un-

861 2417 160 29 gedeutetes
1036 2417 266 32 Kardinalswappen
1316 2419 48 22 auf
1376 2419 47 23 fol.
1435 2426 34 21 9r
1483 2428 26 14 u.
1521 2423 38 23 ö.;
1575 2420 72 22 nach
1660 2420 64 22 dem
1739 2421 67 22 Kat.
1821 2428 57 15 von
1893 2426 67 25 1714
1974 2421 115 22 stammt
2103 2418 47 23 der
2166 2416 71 22 Kod.

863 2460 50 15 aus
930 2453 75 22 einer
1020 2453 156 23 römischen
1193 2454 312 24 Kardinalsbibliothek.
1523 2456 56 22 Der
1595 2455 72 23 Text
1684 2456 109 30 springt
1809 2463 57 15 von
1882 2455 48 24 der
1947 2453 234 25 Deukalionszene
2197 2458 31 16 so­

864 2487 89 29 gleich
965 2488 49 22 auf
1031 2488 44 23 die
1088 2489 193 30 Daphnefabel
1293 2489 76 27 über,
1384 2489 44 24 die
1441 2490 40 23 als
1493 2490 56 23 fab.
1562 2498 69 22 2—4
1643 2492 73 21 statt
1728 2492 52 22 wie
1792 2492 39 22 im
1844 2491 95 23 Druck
1950 2498 57 16 von
2021 2496 63 22 1511
2100 2489 40 23 als
2152 2488 57 23 fab.
2223 2495 15 22 7

865 2523 42 22 bis
922 2530 17 20 9
954 2523 145 23 erscheint.
1117 2525 56 22 Der
1187 2525 73 22 Text
1274 2533 23 14 z.
1309 2525 30 22 T.
1356 2525 131 24 verderbt
1504 2526 172 30 („cellerem“
1694 2526 45 23 für
1755 2527 162 27 „tellurem"
1935 2525 86 31 usw.).
2039 2525 55 23 Der
2108 2523 132 25 Miniator
