2464 3159
225 370 121 24 Bernard
362 369 124 25 Salomon

1552 362 42 31 43

223 431 56 29 der
293 429 111 41 Erfolg
417 431 101 29 seiner
533 428 241 40 Formulierung
788 437 39 19 zu
841 425 104 30 einem
959 425 66 30 Teil
1040 425 169 30 denselben
1225 424 164 40 Vorzügen
1404 435 39 19 zu
1458 424 137 35 danken,

223 475 51 28 die
289 474 142 32 Pierinos
446 472 223 40 Komposition
683 481 34 19 so
731 469 117 32 beliebt
863 469 150 39 gemacht
1027 469 114 29 haben.
1158 469 84 29 Aber
1257 470 95 34 diese,
1367 469 50 29 die
1432 469 151 37 „Kompo­

224 517 118 31 sition“
361 519 44 28 im
423 520 199 36 prägnanten
643 515 87 34 Sinn,
747 514 42 30 ist
809 511 342 32 bezeichnenderweise
1171 511 81 31 doch
1271 513 32 27 in
1321 515 100 26 erster
1440 511 88 29 Linie
1546 511 51 29 für

227 561 176 32 Gemälde
424 561 188 30 vorbildlich
632 557 176 41 geworden,
829 557 80 29 eben
931 566 107 29 wegen
1058 556 84 29 ihres
1162 555 165 30 stärkeren
1351 555 247 39 Gruppen-Cha-

222 607 137 36 rakters,
377 606 152 29 während
549 603 165 30 Salomons
732 599 216 37 Holzschnitt,
969 600 56 28 der
1043 599 57 29 auf
1119 599 50 28 die
1189 598 97 39 Figur
1305 600 56 28 des
1380 599 131 28 Peneios
1528 608 57 19 ver­

225 651 129 35 zichtet,
375 651 67 28 sein
464 648 103 30 Glück
586 648 32 27 in
639 648 99 27 erster
758 645 90 30 Linie
868 645 53 28 bei
941 643 61 30 den
1023 642 271 31 Illustratoren
1315 643 139 34 machte,
1475 642 71 29 weil
1566 651 33 19 er

226 695 62 30 viel
301 695 123 29 stärker
437 689 297 33 echt-illustrativen
745 687 175 32 Charakter
934 687 66 31 hat.
1018 688 61 27 Ein
1089 685 161 40 Vergleich
1266 686 85 29 kann
1369 686 57 29 das
1440 685 98 29 näher
1552 694 33 19 er­

224 740 137 29 läutern.
388 738 87 28 Kurz
497 744 59 21 vor
582 734 164 29 Salomons
770 731 207 40 Darstellung
1000 741 65 18 war
1088 730 50 28 ein
1162 729 73 30 sehr
1258 729 223 29 interessanter
1506 728 79 30 Holz­

225 782 122 31 schnitt
367 782 33 28 in
421 779 159 30 Lodovico
601 777 124 30 Dolce’s
745 773 310 39 „Trasformationi“
1078 774 118 39 (zuerst
1220 772 89 39 1553)
1331 772 193 35 erschienen,
1545 772 55 28 der

227 826 82 30 noch
326 836 40 18 an
385 825 49 28 die
453 822 198 31 Illustration
669 831 63 18 von
751 827 78 33 1497
847 818 190 40 anknüpfte,
1055 818 56 29 ihn
1129 818 75 28 aber
1221 817 44 29 im
1285 817 94 29 Sinne
1397 817 56 28 der
1471 815 129 29 Einheit

227 871 55 29 der
296 870 68 28 Zeit
380 866 211 31 abwandelte:
608 865 65 29 Der
686 864 111 39 riesige
813 863 130 39 Python
956 863 77 39 liegt
1048 861 183 40 erschlagen
1247 871 55 19 zur
1320 860 152 35 Rechten,
1489 859 113 38 Apollo

226 913 77 31 aber
326 922 95 20 —nur
433 910 118 31 einmal
562 909 185 38 dargestellt
756 926 40 4 —
804 908 70 38 jagt
890 907 100 30 schon
1006 906 105 29 hinter
1121 905 137 39 Daphne
1274 905 67 34 her,
1359 904 50 29 die
1423 904 81 28 nach
1518 903 84 28 links

227 956 158 36 entflieht,
402 966 48 19 wo
466 954 82 31 auch
565 953 131 30 Peneios
712 951 192 40 angedeutet
920 951 52 35 ist,
991 951 66 28 und
1073 950 98 29 Amor
1187 948 146 31 entflieht
1351 947 252 39 triumphierend

228 987 1374 55 nach oben (Abb. 55). * 1 ) Hier ist also alles da, was man verlangen kann — aber
226 1047 85 28 trotz
332 1045 55 29 der
407 1042 224 40 vorzüglichen
651 1038 410 43 Verfolgungsdarstellung
1079 1038 42 30 ist
1143 1048 32 19 es
1196 1036 52 31 für
1269 1038 68 28 eine
1358 1034 245 40 schlagkräftige

228 1087 200 33 Illustration
440 1097 41 20 zu
492 1086 86 30 reich
591 1086 68 29 und
670 1095 41 19 zu
723 1083 197 37 „bildhaft",
934 1084 68 29 und
1014 1093 35 19 so
1061 1082 72 30 sind
1149 1081 165 31 Salomons
1329 1080 131 35 Szenen,
1473 1078 51 29 die
1537 1077 67 30 sich

228 1133 92 31 beide
344 1133 56 29 auf
423 1132 50 29 die
498 1130 269 40 Hauptpersonen
792 1129 66 30 und
882 1129 62 29 den
968 1129 56 28 auf
1047 1126 114 39 Apollo
1185 1124 222 36 schießenden,
1432 1124 67 28 also
1523 1122 81 28 ohne

231 1176 173 33 Rücksicht
421 1176 56 30 auf
490 1174 213 31 Zeit-Einheit
717 1172 179 40 gegebenen
912 1173 99 29 Amor
1025 1170 230 38 beschränken,
1270 1170 97 29 schon
1382 1168 163 37 deswegen
1559 1175 32 19 er­

229 1219 343 42 folgreichergewesen,
585 1218 120 30 weilsie
712 1217 155 40 knapper,
875 1215 261 31 übersichtlicher
1143 1223 114 21 waren.
1272 1215 60 28 Die
1342 1209 250 33 Gesamterschei­

232 1276 87 29 nung
328 1266 42 30 ist
383 1265 112 30 zudem
505 1263 134 39 geklärt,
652 1262 50 30 die
714 1260 136 40 Figuren
862 1261 72 30 sind
946 1261 31 28 in
989 1261 51 28 die
1052 1258 219 32 Vorderebene
1282 1257 132 39 gerückt
1427 1256 66 29 und
1505 1253 101 31 damit

231 1309 153 32 schneller
397 1310 33 27 in
442 1308 84 29 ihrer
540 1304 303 42 Kontrastwirkung
855 1304 116 31 faßbar
984 1303 179 39 geworden;
1178 1303 44 28 sie
1236 1303 101 28 heben
1352 1300 66 30 sich
1432 1298 174 31 deutlicher

232 1355 68 29 und
310 1353 140 40 präziser
461 1361 64 20 von
538 1351 56 29 der
606 1348 197 33 Landschaft
815 1350 53 33 ab,
881 1348 68 31 und
961 1349 51 28 die
1024 1347 98 39 Figur
1134 1347 55 28 des
1201 1345 126 31 kleinen
1339 1346 100 28 Amor
1448 1345 43 28 ist
1504 1342 104 30 klarer

233 1408 40 19 zu
285 1399 97 29 ihnen
396 1397 32 29 in
444 1396 182 38 Beziehung
638 1396 132 38 gesetzt,
786 1394 50 30 ein
851 1393 137 38 Vorzug,
1004 1393 55 28 der
1074 1391 63 30 viel
1150 1390 155 31 schwerer
1319 1389 104 38 wiegt,
1439 1388 46 29 als
1500 1387 50 29 die
1564 1386 45 29 im

235 1443 95 29 Sinne
345 1442 55 29 der
413 1439 214 30 Zeit-Einheit
641 1437 251 41 konsequentere
907 1435 213 40 Behandlung
1134 1434 101 30 dieses
1249 1433 193 39 Figürchens
1456 1432 45 28 im
1515 1430 80 30 Holz­

231 1486 122 30 schnitt
373 1494 65 20 von
460 1490 93 30 1553:
574 1483 115 38 gerade
711 1482 50 29 die
776 1480 200 32 Illustration
996 1481 43 28 ist
1056 1480 33 38 ja
1110 1479 57 29 auf
1186 1477 179 31 vollendete
1381 1474 230 39 Beobachtung

233 1531 55 29 der
303 1527 213 32 Zeit-Einheit
533 1537 54 19 am
602 1526 173 39 wenigsten
792 1524 205 40 angewiesen.

312 1573 93 31 Diese
433 1572 220 31 Holzschnitte
676 1568 164 32 Salomons
865 1569 73 30 sind
958 1578 64 19 von
1041 1567 100 39 Virgil
1162 1565 96 32 Solis
1278 1565 125 39 kopiert
1423 1565 66 29 und
1508 1562 102 31 damit

231 1619 33 29 in
288 1618 220 30 Deutschland
524 1616 121 30 überall
661 1614 154 30 heimisch
831 1614 149 38 gemacht
999 1612 126 29 worden
1145 1611 182 39 (besonders
1345 1608 265 32 verständnisvoll

233 1662 220 41 abgewandelt
472 1662 33 28 in
521 1661 56 29 der
592 1659 164 38 Leipziger
765 1659 147 38 Ausgabe
932 1657 76 38 1582
1025 1666 63 19 von
1106 1655 202 38 Hewamaul[
1316 1655 26 38 ?]
1351 1656 12 16 2
1366 1654 36 39 ));
1426 1655 33 27 P.
1476 1661 63 21 van
1555 1652 54 28 der

235 1706 139 32 Borcht
380 1707 13 17 3
396 1707 8 38 )
432 1707 69 38 gibt
523 1705 96 28 ihnen
636 1704 32 28 in
685 1703 107 30 seinen
813 1703 129 29 Stichen
959 1700 159 30 stärkeres
1135 1699 131 39 Tempo,
1291 1700 81 28 dazu
1389 1698 68 28 eine
1473 1696 137 31 reichere

235 1750 206 37 Landschaft,
458 1749 100 31 durch
575 1749 50 28 die
639 1764 42 5 —
694 1757 81 29 ganz
790 1747 45 33 im
852 1746 95 30 Sinne
963 1746 55 28 des
1035 1743 226 40 Kupferstichs
1275 1742 179 39 gegenüber
1470 1740 72 30 dem
1557 1740 54 29 ab-

234 1794 240 32 breviierenden
495 1793 127 31 Schnitt
641 1809 41 4 —
699 1792 51 28 die
772 1791 98 30 Szene
889 1801 42 19 an
949 1788 184 40 figürlicher
1153 1787 165 40 Prägnanz
1337 1787 129 29 verliert
1486 1784 67 31 und
1571 1794 42 18 an

235 1839 181 41 idyllischer
434 1835 227 41 „Stimmung"
678 1835 148 40 gewinnt.
846 1835 59 29 Wo
923 1834 58 30 das
999 1843 63 19 von
1080 1831 190 32 vornherein
1287 1831 176 30 lebhaftere
1482 1829 117 39 Tempe­

236 1887 125 27 rament
376 1884 55 28 der
446 1882 193 40 Verfolgung
652 1880 45 29 im
712 1879 203 31 Holzschnitt
931 1879 55 29 der
1001 1875 262 41 Dolce-Ausgabe
1278 1886 63 18 von
1358 1882 77 30 1553
1450 1882 73 21 zum
1537 1873 63 28 Vor­

237 1929 69 29 bild
318 1936 189 32 genommen
520 1926 109 28 wurde
642 1941 41 4 —
695 1924 69 30 hier
776 1924 93 29 flieht
884 1923 139 38 Daphne
1037 1921 83 29 noch
1134 1921 75 28 wild
1221 1918 186 41 geradeaus,
1421 1920 82 27 statt
1517 1917 98 30 schon

239 1972 211 39 angewurzelt
463 1970 67 31 sich
544 1969 137 39 klagend
695 1968 238 30 umzuschauen
950 1966 93 38 (Abb.
1058 1965 49 39 55)
1122 1982 51 17 —,
1189 1965 41 28 da
1244 1965 108 28 wurde
1367 1963 80 30 doch
1461 1962 45 29 im
1522 1960 93 30 Sinne

243 2016 163 30 Salomons
423 2017 51 28 die
493 2015 97 29 Szene
608 2013 57 29 auf
681 2013 50 28 die
750 2011 239 40 Hauptfiguren
1006 2009 194 30 beschränkt
1220 2008 66 30 und
1302 2008 104 29 klarer
1423 2007 45 28 im
1484 2005 120 30 Vorder­

240 2061 104 38 grund
372 2059 229 39 ausgebreitet;
627 2066 35 20 so
685 2057 53 28 bei
765 2056 132 30 Stefano
920 2055 85 30 della
1029 2054 106 29 Bella
1158 2053 68 28 und
1250 2053 82 28 noch
1356 2051 86 30 beim
1463 2048 155 41 jüngeren

245 2104 179 30 Sandrart
443 2102 100 41 (1698)
551 2103 12 17 4
565 2103 22 37 ),
611 2101 65 30 und
699 2110 34 19 so
756 2109 58 21 vor
837 2101 94 28 allem
945 2100 33 28 in
994 2099 55 28 der
1064 2101 84 26 trotz
1163 2096 101 30 dieser
1279 2096 189 38 Anlehnung
1483 2092 136 30 überaus

242 2148 140 39 originell
409 2147 187 39 gebildeten,
629 2145 118 38 kräftig
763 2144 224 39 zupackenden
1007 2142 183 38 Radierung
1205 2140 148 30 Wilhelm
1369 2139 117 30 Baurs
1514 2136 103 39 (1639;

244 2193 82 30 Abb.
339 2193 63 38 57),
418 2192 48 29 die
486 2191 101 39 gewiß
601 2189 81 30 auch
698 2189 81 29 ohne
794 2189 58 30 das
866 2187 133 31 Vorbild
1018 2186 106 30 Giulio
1141 2185 161 30 Romanos
1316 2184 89 29 nicht
1421 2181 142 30 denkbar
1576 2180 43 29 ist

245 2281 33 15 zu
294 2271 145 29 beweisen;
461 2272 43 22 die
519 2268 241 28 Verwandtschaft
776 2268 51 24 mit
845 2268 130 23 Salomon
991 2267 75 23 kann
1081 2272 48 18 zur
1145 2266 57 22 Not
1218 2271 49 17 aus
1283 2265 48 22 der
1346 2260 203 34 gemeinsamen
1565 2260 43 24 Ab­

243 2306 161 33 hängigkeit
421 2314 56 16 von
495 2306 107 24 Pierino
619 2304 103 24 erklärt
739 2304 117 24 werden.

329 2344 25 30 1)
368 2342 116 28 Henkel,
501 2341 142 31 Vorträge,
663 2340 26 23 S.
701 2340 41 22 82.

329 2379 25 30 2)
370 2377 116 28 Henkel,
499 2384 25 16 a.
536 2384 24 16 a.
573 2377 41 26 O.,
630 2377 27 23 S.
669 2382 42 21 91,
726 2375 70 24 Abb.
809 2381 63 23 35a.

331 2413 26 31 3)
373 2413 117 26 Henkel,
503 2419 25 17 a.
540 2420 25 15 a.
577 2413 33 22 O.
632 2412 27 23 S.
673 2417 57 20 112,
751 2409 71 25 Abb.
835 2417 41 22 53.

327 2449 26 31 4)
371 2448 114 24 Stefano
502 2447 71 24 della
585 2446 92 24 Bellas
694 2445 169 31 Radierung:
883 2444 80 24 Blatt
976 2450 30 22 15
1024 2443 75 24 einer
1112 2440 200 32 Buchausgabe
1325 2440 52 22 mit
1389 2438 63 23 dem
1465 2436 157 25 Titelblatt:

247 2485 30 22 P.
290 2483 94 26 Ovidii
396 2483 118 23 Nasonis
524 2481 239 32 Metamorphosis,
778 2481 26 24 S.
817 2481 34 22 de
862 2481 27 22 la
901 2479 77 24 Belle
988 2477 147 25 inventor"
1150 2477 47 29 (H.
1210 2475 95 28 Nasse,
1321 2476 40 22 St.
1375 2474 26 23 d.
1415 2473 42 27 B.,
1472 2471 152 32 Straßburg

250 2526 76 25 1913,
346 2519 28 25 S.
386 2520 46 29 76:
450 2526 49 15 um
517 2518 88 30 1649).
623 2517 53 23 Die
692 2515 210 25 Illustrationen
917 2515 51 24 des
982 2513 136 32 jüngeren
1135 2510 136 27 Sandrart
1286 2511 31 22 in
1332 2509 76 24 einer
1424 2507 128 31 Ausgabe
1569 2514 57 17 von

250 2555 66 29 1698
335 2554 159 31 (gestochen
510 2560 56 17 von
581 2553 62 23 Chr.
657 2550 205 33 Engelbrecht).
