2464 3159
195 363 113 26 Bernini

1523 355 41 30 47

192 426 83 30 auch
291 435 93 19 wenn
399 424 34 30 in
450 423 115 30 beiden
582 422 109 29 Fällen
709 422 73 28 dem
799 418 255 39 „Experiment"
1073 419 50 28 die
1140 418 107 30 innere
1266 417 233 39 Berechtigung
1515 426 39 19 zu­

192 469 136 30 erkannt
347 468 89 30 wird.
456 469 69 28 Von
543 468 55 27 der
616 465 128 30 Malerei
760 464 57 29 her
834 462 147 39 gesehen,
999 462 104 29 erhält
1122 472 34 18 so
1174 462 57 29 das
1249 461 95 29 Werk
1363 460 192 36 „klassizisti­

192 513 128 36 schen“,
341 523 64 19 von
426 513 55 28 der
503 511 155 38 Skulptur
678 509 55 28 her
752 508 135 38 gesehen
907 504 323 38 „illusionistischen"
1252 504 174 30 Charakter
1449 503 119 39 (womit

193 557 90 30 nicht
303 557 52 29 die
375 555 211 38 Behandlung
605 554 56 27 der
680 550 189 31 Oberfläche
887 550 141 38 gemeint
1047 548 71 38 ist);
1139 548 80 29 wird
1238 549 51 28 die
1312 547 130 39 Gruppe
1461 548 33 28 in
1514 548 56 28 der

194 601 117 31 Fläche
322 600 136 38 kopiert,
470 600 57 28 wie
538 608 33 18 es
582 598 48 27 oft
641 595 137 40 geschah
792 595 93 36 (auch
897 593 69 29 eine
979 592 236 38 Photographie
1226 590 105 31 leistet
1342 592 33 37 ja
1386 591 185 30 annähernd

194 645 161 30 dieselben
374 643 156 38 Dienste),
550 651 35 19 so
603 639 157 31 erscheint
780 638 44 30 sie
844 636 260 36 „akademisch“.
1127 636 68 29 Von
1215 634 139 31 solchem
1376 633 195 31 Schwanken

195 690 57 29 der
262 687 217 32 ästhetischen
491 684 202 38 Einstellung
704 681 208 39 unabhängig
922 681 44 28 ist
977 681 33 28 in
1023 680 120 29 diesem
1155 679 87 30 Falle
1254 681 32 27 in
1299 680 56 27 der
1367 679 62 28 Tat
1441 688 61 18 nur
1514 678 59 28 das

197 733 103 31 Urteil
323 732 78 29 über
419 731 50 28 die
487 730 127 37 Lösung
632 727 55 29 des
712 725 163 30 Problems
892 725 56 29 der
966 722 315 32 dreidimensionalen
1303 720 269 31 Geschlossenheit

195 778 56 29 der
267 777 130 37 Gruppe
410 792 41 4 —
463 774 47 28 als
523 773 56 29 des
591 771 170 39 spezifisch
774 769 223 39 skulpturalen
1011 767 164 30 Problems
1187 784 50 18 —,
1252 767 66 29 und
1332 767 50 27 die
1399 764 172 30 Genialität

194 820 103 30 dieser
314 820 129 36 Lösung
458 818 80 28 wird
553 816 114 28 immer
682 824 65 20 von
763 823 116 20 neuem
894 823 42 19 zu
953 811 246 39 Bewunderung
1213 809 154 39 zwingen.

275 865 65 29 Der
354 863 139 28 anderen
510 861 110 38 Frage,
637 859 50 29 die
702 858 67 30 sich
786 858 56 29 der
860 856 133 39 Gruppe
1008 855 178 39 gegenüber
1201 854 127 30 erhebt:
1345 853 132 29 welcher
1493 860 80 20 neue

195 906 158 41 geistige
371 906 117 29 Gehalt
504 914 66 20 nun
586 903 102 29 dieser
703 910 103 22 neuen
822 900 245 39 Formulierung
1082 901 93 26 unter
1191 908 35 19 so
1241 908 102 19 neuen
1359 894 214 32 ästhetischen

198 949 294 41 Gesichtspunkten
511 947 190 39 entspreche
721 964 42 3 —
781 947 56 28 der
858 944 253 39 Beantwortung
1131 942 102 31 dieser
1253 942 137 29 anderen
1412 941 99 37 Frage
1530 938 43 30 ist

196 996 44 29 im
263 993 287 41 Vorhergehenden
574 991 97 30 schon
695 989 211 31 beträchtlich
931 986 272 41 vorausgegriffen
1227 986 136 30 worden.
1391 985 92 29 Stellt
1507 981 66 32 sich

195 1039 182 39 überhaupt
405 1038 52 29 bei
485 1037 55 29 der
562 1035 208 40 Beurteilung
791 1035 56 28 der
871 1033 130 38 Gruppe
1023 1032 32 29 in
1078 1041 34 19 so
1135 1030 247 41 weitgehendem
1404 1028 92 30 Maße
1519 1026 57 29 das

200 1083 116 31 Gefühl
329 1083 95 29 dafür
436 1082 61 34 ein,
512 1081 64 29 daß
590 1081 50 28 die
651 1077 212 41 Behandlung
874 1078 55 29 des
942 1077 101 29 Stoffs
1052 1076 34 28 in
1096 1076 56 28 der
1165 1074 156 40 Skulptur
1331 1070 245 42 problematisch

196 1128 53 36 ist,
263 1128 63 29 daß
338 1128 51 28 die
401 1127 128 29 Malerei
539 1125 68 29 hier
618 1123 158 31 vielleicht
789 1133 80 29 ganz
881 1122 131 30 anderes
1023 1121 90 29 hätte
1124 1120 100 38 geben
1236 1120 136 34 können,
1385 1128 33 19 so
1427 1117 41 28 ist
1475 1114 101 40 gewiß

199 1173 55 30 der
273 1172 133 40 geistige
428 1169 128 35 Gehalt,
576 1169 52 28 ein
649 1167 206 36 Besonderes,
876 1167 105 29 Neues
1002 1175 41 19 an
1062 1164 166 39 geistigem
1251 1163 115 30 Gehalt
1387 1161 89 30 nicht
1497 1168 80 29 ganz

200 1217 143 39 adäquat
362 1225 74 19 zum
454 1214 170 29 Ausdruck
641 1211 199 41 gekommen.
860 1211 69 29 Das
947 1213 83 26 wäre
1049 1208 159 30 vielleicht
1229 1207 84 30 beim
1331 1206 98 29 reifen
1449 1202 129 31 Bernini

201 1262 56 29 der
276 1261 69 30 Fall
362 1269 152 29 gewesen,
533 1257 69 30 hier
621 1256 85 30 beim
722 1255 226 40 jugendlichen
968 1253 99 30 bleibt
1088 1254 55 28 der
1163 1249 266 42 Haupteindruck
1448 1249 55 29 der
1523 1247 54 29 der

199 1305 178 34 virtuosen,
390 1303 77 30 aber
478 1301 228 40 gewaltsamen
718 1294 241 44 Überwindung
975 1308 64 19 von
1056 1297 195 35 Schranken,
1264 1296 96 29 deren
1374 1292 191 31 Vorhanden­

200 1350 67 29 sein
290 1349 81 28 doch
390 1345 170 41 irgendwie
582 1344 137 40 spürbar
741 1344 110 29 bleibt.
875 1343 59 29 Bei
955 1343 56 28 der
1032 1341 65 30 fast
1119 1339 236 41 gleichzeitigen
1378 1336 201 40 Proserpina-

204 1392 130 39 Gruppe
350 1392 88 29 stellt
458 1390 67 29 sich
543 1389 66 29 dies
628 1388 118 31 Gefühl
761 1388 89 29 nicht
867 1387 65 29 ein:
949 1387 69 28 hier
1034 1386 131 29 handelt
1182 1394 33 19 es
1231 1384 66 29 sich
1315 1393 55 19 um
1385 1382 67 29 eine
1471 1380 93 29 Raub­

201 1436 207 39 darstellung,
426 1435 58 28 wie
504 1433 45 30 sie
565 1433 68 30 sich
649 1432 60 29 seit
728 1432 175 29 Pollaiuolo
922 1429 166 39 (Antaeus)
1106 1429 79 29 über
1204 1426 159 31 Giovanni
1379 1426 42 29 da
1437 1424 142 39 Bologna

202 1481 49 29 bis
269 1491 40 19 zu
327 1479 131 29 Bernini
475 1478 33 29 in
532 1478 55 28 der
607 1475 124 31 Plastik
748 1475 222 39 eingebürgert
989 1474 100 34 hatte,
1110 1483 55 18 um
1183 1472 68 30 eine
1273 1470 131 40 Gruppe
1423 1478 63 19 von
1505 1468 75 29 zwei

200 1521 298 43 gegeneinander
517 1520 206 41 geordneten,
743 1520 67 29 also
829 1518 68 30 sich
917 1516 265 41 „ergänzenden"
1203 1514 152 40 Figuren;
1376 1514 50 29 bei
1446 1513 55 28 der
1522 1512 44 29 Be­

200 1567 166 40 handlung
380 1567 87 30 eines
481 1565 128 31 solchen
625 1564 138 32 Themas
779 1563 127 31 mochte
922 1563 76 28 eher
1013 1562 51 29 die
1081 1560 128 30 Malerei
1224 1558 118 31 einmal
1356 1554 224 43 „skulptural"

203 1612 119 31 wirken
344 1613 46 28 als
412 1611 50 30 die
487 1611 157 38 Skulptur
665 1607 223 38 „malerisch".
911 1607 125 30 Anders
1057 1606 51 28 bei
1130 1605 114 39 Apollo
1266 1605 65 29 und
1354 1602 149 39 Daphne:
1527 1601 56 28 der

202 1655 305 32 Zusammenschluß
522 1655 33 29 in
571 1655 86 28 einer
673 1663 34 19 so
722 1652 164 39 energisch
901 1650 255 40 gruppierenden
1173 1650 106 33 Form,
1295 1649 58 28 wie
1369 1658 33 19 es
1417 1647 68 29 eine
1502 1645 66 29 Dar­

203 1701 139 39 stellung
358 1702 35 27 in
411 1701 57 29 der
489 1699 158 39 Skulptur
664 1697 174 39 verlangen
857 1696 143 34 mußte,
1021 1695 140 28 konnte
1181 1692 120 30 diesem
1318 1692 134 34 Thema,
1472 1689 112 30 dessen

208 1744 190 40 Grundzüge
419 1743 203 39 Verfolgung,
644 1742 127 35 Flucht,
793 1740 236 39 Verwandlung
1050 1738 81 34 sind,
1154 1737 89 31 nicht
1263 1737 45 29 im
1330 1735 165 30 Innersten
1516 1735 52 26 ent­

205 1788 163 41 sprechen,
386 1788 169 39 jedenfalls
573 1787 89 29 nicht
680 1786 32 28 in
731 1787 56 28 der
805 1795 63 18 von
888 1784 132 29 Bernini
1037 1782 178 39 gewählten
1234 1780 197 39 Zuspitzung
1449 1778 56 29 auf
1523 1776 61 30 den

206 1834 56 29 der
279 1834 127 29 Malerei
427 1842 35 19 so
486 1840 244 31 angemessenen
746 1828 268 31 dramatischsten
1028 1826 151 30 Moment.
1198 1826 49 29 Ist
1264 1835 34 20 es
1313 1825 52 28 ein
1380 1822 116 36 Zufall,
1519 1820 66 30 daß

206 1878 50 29 ein
280 1878 112 38 großer
411 1876 172 30 Bildhauer
601 1875 58 29 wie
678 1873 174 30 Pollaiuolo
869 1873 85 29 seine
974 1867 453 42 Hercules-Antaeus-Gruppe
1447 1865 119 30 model­

206 1921 123 36 lierte,
348 1921 76 29 aber
440 1921 85 28 seine
542 1915 413 44 Apollo-Daphne-Gruppe
974 1915 136 29 malte?

288 1966 84 30 Aber
386 1975 91 19 wenn
491 1975 34 18 so
538 1964 82 29 auch
634 1963 81 35 „das
728 1962 136 29 “Wesen
878 1961 56 29 des
947 1959 138 30 Themas
1098 1969 63 18 von
1177 1957 130 30 Bernini
1320 1957 89 29 nicht
1422 1952 163 40 erschöpft

209 2010 106 30 wurde
332 2027 42 4 —
389 2009 108 30 einen
515 2007 206 36 besonderen,
740 2003 334 33 unverwechselbaren
1092 2002 153 40 geistigen
1266 2001 116 30 Gehalt
1402 1999 115 30 drückt
1536 1996 50 30 die

211 2054 130 39 Gruppe
359 2053 81 30 doch
457 2063 69 24 aus,
544 2062 75 27 mag
633 2062 33 18 er
682 2052 82 29 auch
777 2051 72 29 sehr
867 2050 119 29 schwer
1000 2059 39 18 zu
1054 2046 202 31 formulieren
1270 2046 75 29 sein.
1362 2046 43 28 Es
1415 2043 77 40 liegt
1509 2040 77 30 über

210 2099 49 29 ihr
279 2101 98 27 etwas
402 2107 64 20 von
490 2106 81 29 ganz
592 2095 190 36 ovidischer,
807 2093 174 39 gleichsam
1002 2090 222 40 „objektiver"
1252 2090 128 40 Tragik,
1401 2088 50 30 ein
1474 2085 113 31 Hauch

211 2152 63 20 von
301 2140 343 40 Schicksalhaftigkeit,
667 2139 58 31 wie
745 2150 33 18 er
801 2139 33 28 in
856 2137 180 39 bisherigen
1061 2135 183 39 Fassungen
1266 2144 60 20 nur
1347 2132 99 30 selten
1461 2130 127 30 fühlbar

211 2187 118 29 wurde.
353 2185 76 30 Was
441 2186 51 28 die
504 2184 182 30 christliche
699 2183 183 39 Auslegung
894 2182 57 29 des
964 2180 202 30 Mittelalters
1178 2179 89 30 nicht
1285 2179 90 29 mehr
1390 2177 90 29 hatte
1493 2174 95 30 sehen

213 2232 127 28 können
367 2230 43 37 (S.
431 2230 41 37 5),
495 2238 64 20 was
582 2230 84 27 dann
688 2228 33 28 in
744 2228 61 29 den
828 2225 245 39 Darstellungen
1097 2225 55 28 des
1178 2222 231 40 Quattrocento
1431 2220 66 29 und
1519 2218 56 31 Cin­

213 2277 154 37 quecento
385 2274 104 29 hinter
502 2273 60 29 den
576 2272 229 40 Bemühungen
823 2282 55 18 um
896 2271 52 28 die
960 2268 245 30 dramatischste
1219 2268 95 29 Form
1329 2263 261 41 zurückgetreten

212 2329 77 25 war,
305 2319 81 28 eben
402 2318 51 29 die
473 2317 132 29 seltsam
621 2314 302 41 schicksalsmäßige
941 2312 300 41 Eingebundenheit
1262 2312 56 29 der
1331 2309 137 39 Figuren
1485 2309 34 27 in
1534 2306 58 29 das

213 2363 199 38 notwendige
436 2360 191 36 Geschehen,
651 2361 57 29 das
732 2362 50 27 die
803 2359 161 29 ovidische
985 2357 182 39 Erzählung
1190 2354 211 36 auszeichnet,
1423 2353 77 29 wird
1524 2350 67 29 hier

213 2406 137 36 fühlbar,
370 2404 208 40 aufgefangen
593 2406 32 28 in
639 2404 55 30 der
708 2401 365 33 manieristisch-müden
1091 2398 306 40 Gesamtstimmung
1411 2397 55 29 der
1475 2395 115 39 Köpfe.

214 2453 67 28 Das
307 2450 188 39 Epigramm
528 2449 127 30 Urbans
672 2449 91 29 VIII.
797 2449 57 28 auf
881 2448 52 29 die
962 2446 141 38 Gruppe,
1136 2454 64 19 von
1228 2443 74 30 dem
1328 2441 131 29 Bernini
1484 2440 109 37 später

213 2495 151 36 erzählte,
387 2503 33 21 es
442 2495 45 28 sei
510 2493 165 36 erfunden,
699 2503 54 19 um
777 2493 54 29 der
854 2490 225 40 Anstößigkeit
1104 2490 55 28 der
1182 2486 172 32 Nacktheit
1378 2483 151 40 Daphnes
1553 2491 39 19 zu

214 2539 161 40 begegnen
389 2555 40 5 —
443 2539 100 28 dieses
561 2533 487 43 melancholisch-resignierende
1069 2533 186 39 Epigramm
1273 2540 73 30 mag
1367 2529 59 29 den
1442 2525 149 41 geistigen
