2409 3159
1387 778 255 36 EXKURSE

1066 869 23 27 I.
1112 867 86 29 ZUR
1218 865 269 30 OVIDISCHEN
1507 865 197 29 FASSUNG
1724 866 90 27 DER
1834 865 138 28 FABEL

909 938 40 30 H.
963 938 133 37 Magnus
1116 938 56 27 hat
1194 936 160 29 anläßlich
1375 936 101 29 seines
1497 936 166 32 Versuchs,
1686 936 57 27 das
1764 936 148 28 Problem
1932 936 56 28 der
2010 934 192 40 „doppelten

828 981 162 40 Fassung“
1013 982 56 27 der
1091 981 278 37 Metamorphosen
1391 990 40 18 zu
1451 979 87 29 lösen
1545 979 12 16 1
1558 979 21 36 ),
1602 979 33 28 in
1657 979 72 28 sehr
1749 979 209 28 instruktiver
1979 978 101 30 Weise
2104 978 99 30 Ovids

828 1026 142 38 Fassung
985 1024 56 29 der
1058 1025 79 36 Sage
1153 1025 60 27 mit
1228 1025 62 27 den
1306 1023 121 29 älteren
1443 1022 173 29 Versionen
1631 1022 222 33 konfrontiert,
1870 1023 65 28 und
1950 1023 56 28 wir
2021 1022 182 30 verdanken

826 1070 68 29 ihm
910 1069 51 29 die
978 1069 87 27 klare
1083 1068 223 36 Feststellung,
1325 1066 63 29 daß
1407 1065 83 30 Ovid
1507 1066 51 27 die
1574 1068 63 25 erst
1656 1066 52 27 bei
1724 1066 67 27 ihm
1808 1066 232 28 auftauchende
2058 1066 132 28 Bezeich­

828 1123 86 28 nung
939 1112 56 29 des
1020 1111 230 28 thessalischen
1277 1110 155 28 Peneios
1458 1112 81 26 statt
1566 1109 56 28 des
1647 1109 210 28 arkadischen
1884 1110 126 28 Ladon
2036 1109 47 29 als
2109 1109 96 28 Vater

828 1156 152 39 Daphnes
997 1165 56 18 aus
1071 1154 254 29 künstlerischen
1345 1153 150 29 Gründen
1513 1162 247 27 vorgenommen
1776 1153 67 28 hat.
1862 1153 59 28 Die
1938 1152 115 29 vorher
2068 1153 137 28 erzählte

829 1200 202 39 Pythonsage
1049 1216 36 2 —
1096 1199 100 28 durch
1208 1198 203 36 Einführung
1423 1197 56 28 des
1492 1196 117 28 Motivs
1622 1196 58 28 der
1691 1197 205 37 Entstehung
1908 1195 144 39 Pythons
2065 1206 56 18 aus
2134 1197 73 28 dem

831 1243 312 31 Sintflut-Schlamm
1176 1240 382 39 „metamorphosenreif"
1590 1240 168 37 geworden
1794 1257 36 3 —
1860 1241 90 27 hatte
1983 1241 61 28 den
2076 1240 131 28 Dichter

829 1288 82 29 nach
927 1287 118 37 Delphi
1059 1286 138 37 geführt,
1215 1285 67 29 und
1296 1294 37 20 so
1346 1285 44 29 ist
1405 1285 35 28 in
1455 1284 58 29 der
1527 1284 101 28 durch
1644 1284 64 28 den
1726 1284 98 28 Streit
1839 1285 156 28 zwischen
2011 1284 115 38 Apollo
2141 1285 66 27 und

830 1332 98 29 Amor
943 1330 208 29 unmittelbar
1166 1330 59 28 mit
1240 1330 74 27 dem
1327 1329 131 37 vorigen
1472 1328 229 29 verbundenen
1715 1328 222 37 Daphnefabel
1950 1329 50 27 die
2015 1328 193 38 Einsetzung

830 1376 56 28 des
906 1375 183 28 bekannten
1111 1373 227 29 thessalischen
1360 1371 189 39 Flußgottes
1569 1372 51 28 für
1641 1372 62 28 den
1725 1372 206 28 arkadischen
1953 1373 56 27 das
2033 1371 174 39 Gegebene,

830 1418 106 30 zumal
952 1418 63 28 alte
1033 1418 165 28 Tradition
1215 1417 57 29 das
1289 1417 166 37 Tempetal
1471 1416 60 29 mit
1548 1415 74 29 dem
1638 1416 207 37 delphischen
1863 1416 176 37 Heiligtum
2055 1416 152 28 verband.

830 1464 89 28 Zwar
942 1462 95 38 spielt
1062 1462 50 28 die
1136 1461 147 37 folgende
1309 1461 131 37 Io-Sage
1465 1460 116 29 wieder
1603 1460 33 28 in
1662 1460 56 28 der
1741 1460 133 37 Argolis,
1900 1461 76 27 aber
2000 1459 83 30 Ovid
2107 1459 100 29 findet

831 1507 81 29 auch
929 1507 68 28 hier
1012 1506 69 28 eine
1098 1506 177 37 glückliche
1292 1504 243 38 Verknüpfung:
1555 1504 63 28 Zur
1634 1504 160 37 Tröstung
1810 1504 56 28 des
1883 1504 131 28 Peneios
2030 1503 81 29 eilen
2128 1504 81 28 auch

832 1552 51 28 die
902 1551 137 29 anderen
1058 1549 189 38 Flußgötter
1263 1549 109 28 herbei
1395 1566 35 2 —
1447 1557 60 20 nur
1524 1547 85 29 einer
1626 1548 90 34 fehlt,
1736 1548 98 28 selbst
1852 1548 33 28 in
1903 1548 118 28 Trauer
2039 1547 168 40 befangen:

830 1595 144 36 Inachos,
996 1595 51 27 los
1066 1594 106 28 Vater.
1176 1593 12 17 2
1189 1593 9 38 )

910 1639 43 29 Es
977 1638 42 28 ist
1045 1648 66 18 nun
1137 1638 77 28 aber
1239 1637 221 37 merkwürdig,
1488 1636 62 28 daß
1576 1636 66 28 sich
1669 1637 134 36 Magnus
1828 1636 69 28 eine
1924 1637 115 28 andere
2065 1635 144 39 wichtige

830 1683 145 30 Einsicht
994 1682 33 28 in
1047 1681 100 29 Ovids
1166 1681 230 29 künstlerische
1416 1675 243 43 Überlegungen
1678 1680 100 28 durch
1797 1680 68 28 eine
1884 1680 88 28 nicht
1992 1689 78 28 ganz
2090 1680 120 37 präzise

831 1726 252 31 Charakteristik
1098 1726 56 28 der
1170 1726 121 28 älteren
1306 1725 172 29 Versionen
1494 1724 56 29 der
1567 1723 78 38 Sage
1661 1724 135 28 verbaut
1812 1724 66 28 hat.
1896 1723 165 30 Nachdem
2075 1733 33 18 er
2122 1726 75 26 näm­

829 1772 63 30 lich
908 1770 51 29 die
974 1770 49 28 bis
1039 1769 58 28 tief
1111 1770 49 27 ins
1176 1769 187 29 Mittelalter
1377 1768 298 29 hineinreichenden
1690 1768 125 37 Zeugen
1831 1768 56 28 der
1902 1768 86 28 alten
2004 1767 207 29 arkadischen

831 1814 132 31 Version
986 1813 180 38 aufgezählt
1188 1814 67 33 hat,
1279 1813 70 28 faßt
1371 1822 34 19 er
1429 1812 43 38 (S.
1487 1811 69 37 201)
1580 1812 51 28 die
1652 1812 34 28 in
1709 1812 83 28 allen
1814 1811 179 38 Beispielen
2014 1811 197 30 identischen

833 1858 236 39 Hauptpunkte
1085 1857 104 28 dieser
1204 1857 144 37 Fassung
1362 1857 59 28 wie
1437 1856 80 38 folgt
1534 1865 199 19 zusammen:
1752 1855 166 38 „Daphne,
1936 1856 51 28 die
2004 1855 136 29 Tochter
2155 1855 56 28 des

832 1902 207 30 arkadischen
1058 1901 186 37 Flußgottes
1263 1901 110 29 Ladon
1398 1901 65 28 und
1481 1900 56 29 der
1557 1900 55 34 Ge,
1632 1900 78 28 wird
1728 1909 63 19 von
1809 1900 114 37 Apollo
1940 1899 115 38 geliebt
2075 1899 74 33 und,
2170 1899 42 28 da

832 1948 45 28 sie
898 1946 56 29 ihn
970 1946 87 28 nicht
1074 1945 117 33 erhört,
1208 1946 146 36 verfolgt.
1373 1946 37 27 In
1427 1945 56 28 der
1497 1943 154 29 höchsten
1671 1944 118 28 Gefahr
1803 1943 65 29 ruft
1885 1944 44 28 sie
1944 1944 67 28 ihre
2028 1943 119 29 Mutter
2166 1943 45 28 Ge

833 2000 55 24 an;
905 1990 86 29 diese
1006 1990 140 27 erbarmt
1162 1989 66 28 sich
1244 1989 57 29 der
1315 1989 136 28 Tochter
1465 1987 66 30 und
1546 1988 195 28 verwandelt
1757 1987 44 28 sie
1816 1987 33 28 in
1865 1988 60 27 den
1943 1986 267 30 Lorbeerbaum".

835 2033 111 30 Hierin
959 2034 76 36 liegt
1050 2033 77 28 aber
1139 2033 51 28 ein
1205 2033 122 29 Fehler.
1343 2033 79 28 Eine
1437 2032 142 38 Prüfung
1593 2032 55 28 der
1662 2034 179 35 genannten
1858 2031 118 29 Stellen
1995 2048 36 3 —
2043 2039 32 21 es
2089 2031 122 28 scheint

833 2077 92 30 keine
938 2077 168 37 irgendwie
1120 2077 145 37 wichtige
1279 2087 39 19 zu
1332 2077 105 28 fehlen
1455 2093 36 4 —
1503 2076 101 37 ergibt
1619 2076 148 33 nämlich,
1783 2075 63 28 daß
1860 2076 33 27 in
1906 2075 96 28 ihnen
2015 2084 83 19 zwar
2110 2075 33 28 in
2156 2075 56 28 der

834 2122 60 28 Tat
914 2121 168 38 allgemein
1103 2121 50 29 die
1178 2121 46 28 Ge
1245 2122 46 28 als
1313 2121 146 29 Retterin
1479 2120 56 30 der
1555 2120 135 37 Daphne
1711 2119 182 28 bezeichnet
1915 2119 91 33 wird;
2028 2118 87 30 nicht
2137 2119 75 28 aber

833 2166 43 28 ist
897 2165 73 29 dort
988 2174 64 19 von
1069 2165 86 27 einer
1173 2164 275 38 Verwandlung
1465 2164 56 29 der
1539 2163 135 38 Daphne
1693 2163 99 28 durch
1810 2163 44 28 sie
1873 2163 51 28 die
1944 2163 98 29 Rede.
2062 2162 135 29 Tatsäch­

835 2211 62 27 lich
914 2210 123 28 kommt
1054 2208 55 29 der
1128 2208 45 28 Ge
1189 2209 69 28 eine
1274 2208 232 38 Verwandlung
1522 2207 55 28 der
1593 2207 135 37 Daphne
1744 2207 32 37 ja
1793 2207 81 28 auch
1890 2216 55 28 gar
1960 2207 87 29 nicht
2064 2216 48 24 zu,
2130 2207 81 28 wohl

836 2254 75 28 aber
934 2253 43 28 ist
1002 2262 33 19 es
1060 2252 50 28 ihr
1135 2253 210 37 naturgemäß
1371 2251 149 39 gegeben,
1548 2251 136 37 Daphne
1709 2261 39 18 zu
1775 2251 277 37 verschlingen,
2080 2260 39 18 zu
2144 2251 67 28 sich

914 2349 22 31 1)
957 2350 117 22 Hermes
1089 2348 59 27 XL,
1164 2355 75 22 1905,
1256 2348 85 28 igiff.
1357 2350 77 22 Dazu
1451 2348 120 31 Gruppe,
1589 2347 152 32 (Bursians)
1752 2348 206 31 Jahresbericht
1971 2355 55 23 137,
2040 2347 73 29 1908,
2124 2347 87 29 449ff.

917 2384 25 30 2)
957 2385 77 22 Dazu
1058 2384 29 22 F.
1103 2384 24 29 J.
1139 2384 95 26 Miller,
1251 2384 128 23 Classical
1397 2383 115 30 Journal
1527 2383 77 27 XVI,
1628 2390 144 21 1920—21,
1785 2383 125 30 464!!—
1924 2382 153 30 Allerdings
2092 2382 60 22 sind
2169 2383 43 22 die

837 2420 116 30 übrigen
977 2427 56 15 von
1057 2419 73 23 Ovid
1155 2419 192 30 aufgezählten
1371 2418 163 31 Flußgötter
1557 2419 103 22 nähere
1684 2419 66 22 oder
1774 2419 167 22 entferntere
1965 2417 176 24 Nachbarn
2165 2418 49 22 des

839 2454 127 24 Peneios:
985 2454 151 31 Sperchios,
1154 2455 131 29 Enipeus,
1302 2455 151 29 Apidanus,
1471 2454 179 31 Amphrysos,
1669 2455 79 22 Aeas.
1769 2454 228 23 Seltsamerweise
2013 2452 60 30 gibt
2089 2459 28 16 es
2133 2452 80 23 einen

838 2489 156 24 Nebenfluß
1014 2490 48 22 des
1083 2489 143 30 Sperchios
1245 2490 52 23 mit
1316 2490 63 23 dem
1399 2489 108 23 Namen
1527 2489 129 27 Inachos;
1678 2490 76 22 kann
1773 2497 65 15 man
1857 2489 59 23 hier
1935 2497 36 15 an
1990 2487 79 24 einen
2089 2488 112 26 „Kunst­

839 2525 80 30 griff"
936 2524 86 23 Ovids
1036 2524 136 30 glauben?
