2409 3159
851 354 42 30 66

2107 353 120 23 Exkurse

851 424 91 34 hens,
966 423 31 29 d.
1010 423 31 28 h.
1065 423 49 28 die
1137 421 193 38 Zuspitzung
1351 419 56 28 der
1431 417 158 30 Situation
1611 421 93 25 unter
1726 416 208 39 Ausnutzung
1956 416 55 28 der
2032 415 194 29 räumlichen

851 467 131 30 Einheit
1004 467 55 27 der
1080 465 218 36 Schilderung:
1320 464 148 37 spectans
1483 462 152 28 Peneidas
1657 460 101 29 undas
1779 461 82 27 sieht
1883 460 50 28 die
1955 458 159 39 Verfolgte
2135 459 90 27 einen

850 513 118 27 letzten
987 508 359 38 Hoffnungsschimmer.
1372 505 100 30 Wenn
1497 506 56 27 das
1571 504 248 29 Eklektizismus
1836 503 52 35 ist,
1913 512 34 19 so
1965 502 41 30 ist
2030 512 33 19 es
2081 502 51 28 ein
2150 501 62 28 emi­

850 559 76 25 nent
946 553 249 37 schöpferischer
1214 549 259 31 Eklektizismus.
1478 548 11 17 1
1491 548 9 37 )

879 673 42 28 II.
943 672 53 28 ZU
1016 670 187 30 EINIGEN
1225 663 573 35 SPÄTMITTELALTERLICHEN
1818 663 389 32 MORALISATIONEN

1289 718 89 28 DER
1398 714 386 32 METAMORPHOSEN

931 785 59 29 Die
1013 785 167 37 folgenden
1203 784 154 36 Angaben
1380 782 98 28 sollen
1500 781 145 37 lediglich
1672 792 55 18 zur
1749 780 241 38 Erleichterung
2025 778 85 28 einer
2137 777 78 28 künf­

851 831 86 37 tigen
951 829 215 36 Erforschung
1179 828 101 29 dieses
1294 827 81 28 noch
1389 825 101 38 wenig
1503 825 217 29 bearbeiteten
1738 823 128 30 Gebiets
1881 823 122 29 dienen.
2019 823 38 28 In
2072 821 56 30 der
2142 821 87 28 Liste

850 875 71 28 sind
940 883 60 19 nur
1019 873 50 28 die
1087 873 45 27 im
1150 872 81 28 Text
1251 871 87 28 nicht
1359 869 114 30 näher
1491 869 214 30 behandelten
1724 868 114 31 Werke
1859 866 255 39 aufgenommen.

934 923 37 28 A.
993 922 192 36 Johannes
1217 921 42 27 de
1293 918 219 34 Garlandia,
1546 917 224 39 Integumenta
1800 926 93 29 super
1924 915 106 29 Ovidii
2061 915 170 28 Metamor-

853 965 125 39 phosin,
997 965 126 28 verfaßt
1146 974 56 18 um
1222 972 87 28 1234,
1330 963 58 29 260
1401 961 174 29 Distichen.
1596 962 80 28 Inc.:
1698 962 121 30 Parvus
1837 960 110 28 maiori
1965 961 90 36 paret
2074 959 156 37 veloxque

853 1009 113 29 viator.
988 1009 66 37 Vgl.
1071 1008 94 29 Louis
1187 1007 85 38 John
1292 1007 137 32 Paetow,
1451 1005 116 28 Morale
1590 1003 175 33 Scolarium
1784 1005 32 28 of
1838 1004 84 36 John
1942 1004 31 27 of
1995 1001 139 31 Garland
2157 1002 73 37 (Me-

853 1053 95 29 moirs
966 1053 33 28 of
1015 1053 54 27 the
1088 1051 185 37 University
1291 1051 32 27 of
1341 1048 179 34 California,
1539 1048 61 28 vol.
1615 1056 29 28 4,
1663 1058 31 21 n.
1710 1049 41 39 2),
1771 1047 164 37 Berkeley,
1948 1045 179 36 California,
2142 1053 87 30 1927,

854 1107 29 27 p.
896 1096 166 29 116—118.
1071 1095 57 27 Als
1135 1093 167 29 Vorarbeit
1314 1103 38 18 zu
1363 1093 84 28 einer
1458 1090 174 30 kritischen
1642 1094 65 27 und
1718 1090 209 31 erklärenden
1938 1089 147 38 Ausgabe
2096 1089 133 29 handelt

853 1140 109 29 Lester
984 1140 123 36 Krüger
1130 1138 95 33 Born,
1242 1138 66 27 The
1324 1134 213 39 Manuscripts
1559 1134 33 28 of
1612 1135 55 28 the
1683 1136 227 38 Integumenta
1929 1144 41 18 on
1990 1133 56 29 the
2061 1132 171 29 Metamor-

851 1183 116 38 phoses
982 1184 32 27 of
1029 1183 84 29 Ovid
1127 1183 46 36 by
1184 1181 86 38 John
1285 1181 34 28 of
1334 1181 152 35 Garland,
1501 1181 48 29 in:
1572 1179 224 31 Transactions
1816 1179 65 28 and
1895 1177 214 38 Proceedings
2123 1177 34 27 of
2174 1176 56 28 the

853 1227 169 29 American
1044 1226 107 38 philol.
1175 1225 190 29 association
1382 1226 57 28 LX
1457 1226 100 39 (1929)
1575 1236 30 27 p.
1620 1233 159 31 179—199
1794 1223 78 28 über
1893 1222 50 29 die
1962 1220 190 39 Genealogie
2174 1221 56 27 der

855 1280 37 20 10
909 1271 71 30 Hss.
1004 1271 143 37 (Oxford,
1169 1269 127 35 Leiden,
1318 1270 142 34 London,
1482 1270 98 34 Paris,
1602 1271 92 37 Prag,
1716 1268 130 38 Reims).
1850 1267 11 16 2
1864 1267 8 37 )

936 1319 35 29 B.
988 1318 245 29 Kommentar
1253 1328 39 18 zu
1309 1319 61 27 den
1386 1317 269 39 Integumenta
1671 1319 55 28 des
1744 1317 192 37 Johannes
1953 1316 42 28 de
2014 1312 215 30 Garlandia.

854 1363 133 29 Initium
1014 1363 53 28 des
1094 1371 121 29 ganzen
1242 1361 143 30 Werkes:
1414 1363 50 28 Ad
1492 1363 127 28 maioris
1646 1361 138 30 auctoris
1811 1359 204 34 evidentiam,
2044 1358 55 28 des
2125 1359 105 25 ersten

854 1407 137 29 Buches:
1024 1406 193 29 Mutationes
1252 1406 94 28 huius
1380 1407 73 28 libri
1489 1409 73 26 sunt
1593 1407 92 28 haec:
1722 1405 111 30 Chaos.
1864 1405 67 27 Das
1960 1402 95 29 Werk
2091 1400 78 29 wird
2198 1400 32 28 in

855 1450 98 36 Paris,
982 1451 82 28 Bibi,
1086 1453 77 32 nat.,
1193 1450 57 29 Ms.
1271 1450 80 28 latin
1379 1451 79 29 8010
1492 1451 72 28 dem
1594 1449 186 30 Guillelmus
1807 1449 39 28 de
1874 1446 137 39 Thiegiis
2038 1444 178 38 zugeschrie­

854 1496 72 33 ben,
955 1495 61 37 vgl.
1045 1494 148 29 Edmond
1215 1493 102 35 Faral,
1346 1494 60 29 Les
1433 1497 66 27 arts
1520 1495 165 37 poetiques
1713 1494 42 29 du
1777 1492 67 29 XII
1846 1496 13 15 e
1887 1495 32 25 et
1941 1492 44 28 du
2006 1490 84 28 XIII
2093 1493 13 14 e
2127 1488 101 34 siede,

855 1538 88 30 Paris
966 1547 86 29 1924,
1076 1548 29 27 p.
1120 1544 90 33 45sq.
1239 1537 70 29 Den
1335 1537 50 30 bei
1405 1538 137 35 Paetow,
1570 1548 27 19 a.
1613 1548 27 19 a.
1656 1538 47 34 O.,
1730 1539 182 37 genannten
1938 1534 72 30 Hss.
2038 1542 74 28 mag
2137 1532 92 28 Rom.

855 1584 81 28 Bibi.
965 1583 83 34 Vat.,
1076 1584 65 28 Pal.
1166 1583 45 29 lat
1248 1582 76 38 1726
1359 1583 109 37 (erstes
1495 1583 117 29 Viertel
1644 1584 54 28 des
1733 1589 44 31 15.
1804 1579 245 39 Jahrhunderts,
2083 1577 145 36 deutsch)

855 1628 46 28 Bl.
922 1626 38 39 78
961 1630 12 15 r
974 1635 79 30 —93
1053 1631 16 15 v
1101 1627 206 38 hinzugefügt
1331 1627 133 29 werden.
1491 1627 64 28 Der
1573 1628 81 28 Text
1678 1627 101 29 lautet
1804 1628 96 26 etwa:
1921 1648 6 5 .
1944 1648 5 5 .
1966 1648 6 4 .
1993 1621 136 39 virgines
2146 1621 85 28 enim

855 1681 61 28 que
943 1671 38 28 de
1007 1671 184 37 virginitate
1223 1680 58 19 sua
1311 1671 33 28 in
1375 1671 59 29 hoc
1466 1672 125 29 saeculo
1623 1672 160 28 merentur
1815 1678 149 20 coronam
1995 1665 126 30 nonnisi
2157 1667 72 35 post

855 1723 91 20 suam
969 1715 211 28 mutationem
1198 1715 34 29 id
1249 1717 47 26 est
1322 1717 72 35 post
1414 1718 135 26 mortem
1567 1724 71 19 eam
1655 1713 170 40 accipiunt.
1848 1712 61 29 Sed
1926 1714 77 26 tune
2026 1709 121 29 habent
2165 1709 67 27 lau-

936 1793 23 30 1)
981 1793 56 22 Für
1055 1794 49 22 das
1123 1792 225 31 Hauptproblem
1366 1793 48 22 des
1432 1792 203 31 Magnusschen
1653 1791 154 28 Aufsatzes,
1828 1790 43 23 die
1890 1791 87 29 Frage
1996 1789 48 23 der
2064 1786 167 31 „doppelten

854 1828 152 30 Fassung“,
1022 1828 44 23 die
1080 1829 117 29 Magnus
1212 1835 50 15 aus
1276 1828 121 23 äußeren
1412 1829 56 22 und
1483 1828 114 22 inneren
1614 1827 132 25 Gründen
1760 1826 114 31 negativ
1887 1824 187 24 beantwortet
2088 1823 58 25 hat,
2162 1821 70 29 folgt

854 1863 109 28 daraus,
978 1864 55 22 daß
1046 1864 44 22 die
1104 1863 171 24 Unechtheit
1288 1864 48 22 der
1348 1863 138 30 Fassung:

1204 1916 76 25 victa
1291 1916 95 23 labore
1398 1915 83 31 fugae
1494 1916 109 26 „tellus,
1617 1916 48 26 ait,
1680 1914 74 25 hisce
1767 1914 45 24 vel
1823 1914 84 23 istam

1206 1959 72 23 quae
1289 1951 70 23 facit
1371 1953 32 21 ut
1414 1951 105 27 laedar,
1532 1952 137 22 mutando
1680 1950 86 32 perde
1777 1949 137 30 figuram“

856 2008 71 22 noch
940 2006 144 24 evidenter
1096 2006 80 22 wird:
1193 2005 62 23 Daß
1270 2005 73 23 Ovid
1357 2004 192 31 ursprünglich
1563 2004 119 30 Daphne
1696 2010 55 16 von
1765 2003 48 23 der
1829 2003 43 22 Ge
1886 2002 43 23 die
1943 2001 242 32 Verwandlung
2199 2017 34 2 —

855 2050 80 15 wenn
948 2042 72 22 auch
1033 2043 56 21 erst
1101 2041 29 23 in
1144 2040 109 23 zweiter
1267 2040 77 23 Linie
1357 2054 35 3 —
1404 2040 80 23 hätte
1498 2039 122 23 erbitten
1633 2039 89 23 lassen
1736 2038 105 26 wollen,
1855 2037 37 23 ist
1906 2037 85 23 selbst
2005 2036 40 23 als
2058 2032 163 35 Übergangs­

854 2077 128 24 variante
993 2084 57 15 von
1062 2077 47 22 der
1121 2075 182 24 arkadischen
1315 2084 33 14 zu
1361 2076 89 22 seiner
1461 2074 178 31 endgültigen
1651 2074 124 30 Fassung
1787 2073 77 23 nicht
1877 2072 132 27 denkbar,
2023 2072 71 23 eben
2105 2073 61 22 weil
2177 2080 56 15 von

856 2113 48 23 der
920 2112 39 24 Ge
973 2112 74 22 diese
1060 2110 147 31 Fähigkeit
1220 2117 48 23 gar
1282 2111 78 22 nicht
1373 2111 208 29 vorausgesetzt
1595 2110 109 22 werden
1717 2109 116 26 konnte;
1849 2115 28 15 es
1890 2107 116 23 handelt
2020 2106 58 24 sich
2091 2107 59 23 hier
2163 2115 69 22 ganz

854 2147 204 23 offensichtlich
1077 2154 48 15 um
1144 2146 61 23 eine
1224 2146 223 23 unverstandene
1468 2145 202 24 Kombination
1689 2144 48 23 der
1756 2143 182 23 arkadischen
1958 2141 52 24 mit
2030 2142 47 24 der
2097 2142 136 24 ovidisch-

853 2182 199 24 thessalischen
1066 2182 75 29 (oder
1151 2181 189 31 lakonischen)
1354 2181 133 29 Fassung,
1500 2180 111 22 ähnlich
1622 2180 51 22 wie
1684 2180 44 23 bei
1740 2179 103 30 Hygin.
1857 2179 55 22 Um
1924 2185 30 16 so
1965 2177 90 25 klarer
2067 2178 67 22 wird
2146 2178 86 23 Ovids

855 2217 100 24 Zusatz
970 2217 45 23 bei
1028 2217 48 23 der
1090 2216 148 31 Anrufung
1251 2217 48 22 des
1313 2217 127 22 Peneios:
1459 2215 29 24 Si
1501 2215 117 22 flumina
1633 2222 102 15 numen
1749 2214 122 23 habetis:
1887 2221 29 15 er
1930 2212 77 24 dient
2021 2212 151 30 gleichsam
2184 2220 48 16 zur

857 2252 230 31 Rechtfertigung
1098 2252 88 23 seiner
1197 2252 114 30 eigenen
1324 2251 163 30 Erfindung,
1501 2251 48 22 der
1562 2245 194 35 Übertragung
1769 2250 48 22 des
1829 2248 129 31 Vollzugs
1970 2248 48 23 der
2030 2248 203 31 Verwandlung

856 2288 48 23 auf
917 2288 54 23 den
983 2288 170 22 väterlichen
1167 2287 142 30 Flußgott.

940 2324 26 30 2)
983 2323 96 22 Alfons
1090 2323 35 22 X.
1140 2322 92 26 zitiert
1246 2322 29 23 in
1290 2323 47 22 der
1353 2322 116 23 General
1485 2321 119 26 Estoria,
1620 2321 82 22 deren
1721 2321 86 23 erster
1821 2319 58 24 Teil
1897 2327 49 15 um
1964 2324 64 26 1275
2048 2318 118 24 beendet
2185 2318 45 27 ist,

856 2358 246 24 verschiedentlich
1127 2359 54 22 den
1206 2358 138 27 „Maestre
1363 2358 91 29 Johan
1479 2356 25 23 el
1525 2356 118 30 Ingles".
1669 2369 35 4 —
1729 2355 52 24 Die
1799 2355 38 23 im
1857 2355 122 29 Katalog
2002 2354 48 23 des
2068 2353 163 29 Amplonius

857 2393 121 23 Ratinck
997 2392 242 30 (Mittelalterliche
1254 2391 302 31 BibUothekskataloge
1575 2390 205 24 Deutschlands
1799 2391 56 22 und
1875 2392 48 21 der
1939 2388 119 27 Schweiz
2070 2390 37 21 II.
2125 2388 105 27 Erfurt,

856 2429 93 23 bearb.
969 2437 27 14 v.
1012 2429 29 21 P.
1058 2428 151 27 Lehmann,
1231 2428 139 22 München
1389 2428 74 28 1928,
1488 2427 26 23 S.
1529 2434 38 22 13,
1585 2427 28 22 Z.
1625 2434 32 22 42
1664 2426 30 31 t.)
1717 2425 195 31 aufgeführten
1938 2425 190 30 integumenta
2149 2431 81 22 super

855 2463 102 24 fabulis
975 2463 93 24 Ovidü
1089 2464 29 22 in
1144 2463 75 23 libris
1242 2462 273 30 methamorphoseos
1540 2461 171 33 contenti(s)
1732 2461 61 24 sind
1819 2461 78 23 nicht
1922 2461 51 23 mit
1999 2460 63 24 dem
2081 2459 83 22 Werk
2183 2460 47 22 des

859 2499 142 30 Johannes
1019 2499 35 22 de
1074 2498 151 24 Garlandia
1242 2498 150 27 identisch;
1413 2505 28 15 es
1458 2497 117 24 handelt
1593 2497 58 23 sich
1669 2497 45 23 bei
1732 2497 67 23 Cod.
1813 2497 94 23 Theol.
1926 2503 48 16 100
1993 2495 48 24 der
2059 2494 171 24 Univ.-Bibl.

859 2533 151 31 Göttingen
1029 2541 47 15 um
1095 2534 59 23 eine
1173 2534 50 23 Hs.
1239 2534 47 22 des
1304 2533 220 30 Mythographus
1538 2533 55 22 III.
