2464 3159
762 692 266 39 VORWORT

292 793 36 27 In
351 791 53 28 der
425 784 222 43 vorliegenden
672 783 110 32 Studie
802 781 83 30 habe
905 781 52 28 ich
979 779 84 31 mich
1085 777 144 37 bemüht,
1252 778 57 27 das
1329 775 183 31 Nachleben
1533 775 55 29 der

210 834 130 31 antiken
361 833 97 29 Fabel
476 840 64 20 von
559 828 114 40 Apollo
692 828 67 29 und
778 826 136 38 Daphne
933 824 34 29 in
987 823 55 30 der
1064 820 304 41 Geistesgeschichte
1388 820 55 30 des
1462 820 114 29 Abend­

210 878 109 31 landes
341 875 220 31 darzustellen.
586 872 66 32 Das
673 872 65 29 Ziel
759 870 85 31 einer
865 866 217 43 eingehenden
1104 863 308 43 Berücksichtigung
1432 863 77 29 aller
1531 863 45 29 Be­

209 923 96 35 zirke,
317 922 32 30 in
361 921 102 29 denen
474 919 55 29 der
541 917 129 39 Mythos
679 914 148 40 lebendig
837 913 85 30 blieb
933 911 76 31 oder
1020 910 115 31 wieder
1145 909 147 39 lebendig
1302 908 118 35 wurde,
1432 906 158 31 schwebte

212 967 60 30 mir
295 975 68 26 vor,
387 974 65 20 war
475 963 61 29 mir
559 960 76 30 aber
658 960 89 30 nicht
770 958 189 30 erreichbar.
983 955 91 31 Zwar
1097 954 51 30 die
1171 952 114 31 Werke
1309 952 56 29 der
1387 949 204 32 bildenden

212 1011 106 30 Kunst
340 1006 260 32 vornehmlich
622 1014 39 20 zu
682 1002 223 37 untersuchen,
927 1000 94 31 sowie
1042 998 167 40 allgemein
1231 998 50 28 die
1301 995 191 41 Zeitspanne
1515 1004 77 24 „um

213 1054 99 31 1800"
336 1054 89 29 nicht
448 1062 40 19 zu
511 1048 247 38 überschreiten,
782 1057 65 20 war
870 1056 64 19 von
957 1042 189 33 vornherein
1169 1041 225 39 beabsichtigt,
1418 1039 76 30 aber
1516 1048 76 28 gern

210 1099 91 30 hätte
318 1098 51 30 ich
387 1097 101 38 einige
506 1094 113 39 Dinge,
638 1092 57 31 wie
713 1103 26 18 z.
755 1091 36 30 B.
811 1091 49 29 die
878 1085 366 44 spätmittelalterlichen
1264 1082 256 33 Moralisationen
1538 1082 55 29 der

212 1140 279 42 Metamorphosen
502 1139 107 30 weiter
619 1136 148 40 verfolgt,
779 1136 47 30 als
837 1146 33 19 es
879 1135 74 28 dem
962 1129 278 43 Nichtphilologen
1249 1128 180 31 schließlich
1439 1126 155 40 gelungen

210 1187 52 31 ist.
289 1187 77 29 Hier
389 1186 67 29 und
478 1184 57 30 auf
556 1182 139 31 anderen
720 1179 155 31 Gebieten
898 1177 112 31 mußte
1032 1176 51 31 ich
1107 1176 84 30 mich
1215 1174 58 30 mit
1297 1171 208 33 Vorarbeiten
1529 1170 66 29 und

214 1230 182 32 Hinweisen
413 1229 166 40 begnügen
595 1226 68 31 und
679 1226 87 30 hoffe
784 1235 70 25 nur,
872 1224 65 29 daß
954 1221 45 31 sie
1016 1220 139 31 anderen
1171 1220 52 28 bei
1239 1217 86 30 einer
1342 1224 178 32 genaueren
1537 1215 44 28 Er­

213 1275 173 40 forschung
409 1273 141 31 nützlich
573 1271 67 30 sein
664 1270 164 34 möchten;
854 1266 156 31 Interesse
1033 1266 52 30 für
1108 1265 58 29 das
1192 1262 189 39 Stoffgebiet
1405 1260 134 38 bezeugt
1563 1258 33 38 ja

215 1320 50 31 die
288 1319 166 36 Tatsache,
478 1317 63 29 daß
560 1314 198 41 gleichzeitig
777 1314 77 29 zwei
874 1310 155 31 Arbeiten
1049 1310 79 29 über
1148 1309 51 28 die
1223 1306 178 31 Schicksale
1422 1305 56 29 der
1499 1302 98 30 Fabel

213 1366 34 28 in
263 1366 56 28 der
334 1363 133 30 antiken
484 1362 108 29 Kunst
608 1360 67 29 und
689 1359 34 30 in
739 1358 55 29 der
810 1356 86 39 Oper
910 1356 35 28 in
960 1353 128 42 Angriff
1101 1361 190 31 genommen
1308 1350 66 29 und
1389 1349 97 31 schon
1501 1348 80 37 abge­

214 1408 160 33 schlossen
394 1406 128 30 worden
542 1404 82 30 sind.

295 1452 60 30 Die
375 1451 112 29 Arbeit
508 1448 124 39 bewegt
652 1447 67 30 sich
739 1447 34 28 in
794 1446 61 27 den
877 1442 134 30 Bahnen
1031 1441 85 30 einer
1137 1436 364 44 kunstgeschichtlichen
1522 1436 61 28 For­

214 1494 241 41 schungsweise,
487 1493 52 30 die
570 1501 77 21 vom
678 1486 313 43 Ikonographischen
1024 1494 58 21 aus
1111 1483 163 31 einerseits
1306 1491 73 20 zum
1409 1478 190 41 Allgemein-

218 1539 171 41 Geistigen,
414 1536 210 32 andererseits
647 1545 74 20 zum
747 1528 410 45 Speziell-Künstlerischen
1182 1525 232 40 vorzudringen
1438 1523 160 35 versucht,

217 1588 93 28 unter
326 1583 163 40 ständiger
507 1580 151 41 Bindung
675 1589 57 20 ans
750 1575 200 33 Historische
969 1575 66 29 und
1053 1575 94 30 unter
1164 1572 145 39 häufiger
1327 1568 184 42 Besinnung
1528 1567 72 29 aufs

217 1627 232 33 Theoretische.

298 1673 59 30 Die
380 1671 187 39 Sammlung
585 1669 57 29 des
660 1668 73 30 sehr
752 1668 202 28 verstreuten
975 1662 162 31 Materials
1157 1679 41 4 —
1216 1671 33 20 es
1267 1661 43 28 ist
1330 1657 161 32 natürlich
1511 1655 90 30 nicht

218 1717 203 40 vollständig,
439 1725 90 20 wenn
546 1714 52 29 ich
615 1713 82 30 auch
714 1711 97 35 hoffe,
830 1710 64 29 daß
912 1708 182 39 Nachträge
1110 1707 91 29 ihren
1220 1706 90 29 Platz
1327 1704 32 28 in
1378 1701 137 32 meinem
1532 1700 70 29 Bau

216 1762 111 31 finden
341 1761 127 30 werden
484 1776 41 4 —
539 1768 65 19 war
619 1757 62 29 mir
696 1766 61 20 nur
771 1754 139 40 möglich
925 1753 63 29 mit
1003 1751 88 31 Hilfe
1105 1751 109 35 vieler,
1230 1750 52 29 die
1298 1758 42 19 an
1355 1746 120 31 meiner
1489 1744 114 31 Arbeit

216 1805 213 32 freundliches
449 1804 155 29 Interesse
623 1801 149 30 nahmen.
794 1800 55 28 Ich
869 1797 105 31 danke
993 1797 33 28 in
1044 1799 100 27 erster
1164 1794 88 29 Linie
1273 1791 162 32 Professor
1458 1790 74 30 Saxl
1551 1788 51 29 für

218 1851 85 31 seine
313 1848 238 33 unermüdliche
563 1843 292 34 Hilfsbereitschaft
865 1843 34 29 in
910 1842 84 29 allen
1005 1841 138 38 Fragen;
1154 1840 52 28 für
1217 1838 143 29 mehrere
1371 1832 218 34 wissenschaft­

218 1895 81 31 liche
325 1893 182 32 Nachweise
532 1891 103 29 ferner
660 1890 56 29 Dr.
733 1887 139 31 Gertrud
898 1886 92 38 Bing,
1017 1885 55 30 Dr.
1088 1884 102 29 Heinz
1215 1882 130 35 Brauer,
1373 1879 84 31 Prof.
1472 1876 132 31 Eduard

221 1939 164 37 Fraenkel,
421 1938 84 29 Prof.
519 1936 166 31 Hermann
719 1933 147 34 Fränkel,
901 1931 86 28 Prof.
1023 1928 121 31 Walter
1178 1926 215 35 Friedländer,
1428 1923 57 30 Dr.
1501 1921 104 38 Georg

224 1983 140 37 Gronau,
397 1983 90 28 Hans
520 1981 38 29 D.
594 1978 140 35 Gronau,
769 1977 84 29 Prof.
867 1975 111 30 Alfred
1012 1973 121 35 Hessel,
1166 1973 55 28 Dr.
1237 1970 102 29 Heinz
1372 1964 233 43 Heydenreich,

221 2029 57 30 Dr.
292 2029 86 29 Fritz
392 2025 207 40 Kriegbaum,
612 2024 56 29 Dr.
682 2021 149 31 Wilhelm
843 2020 111 35 Herse,
969 2018 85 30 Prof.
1069 2017 161 29 Friedrich
1243 2014 134 38 Ludwig
1384 2012 53 40 (jj,
1451 2010 156 30 Dr.Hans

224 2073 104 36 Meier,
358 2073 55 28 Dr.
428 2070 108 30 Ulrich
566 2066 200 36 Middeldorf,
797 2065 84 29 Prof.
913 2064 85 29 Kurt
1029 2061 121 36 Müller,
1181 2060 84 29 Prof.
1296 2058 107 30 Erwin
1434 2053 172 39 Panofsky,

224 2117 56 30 Dr.
307 2117 79 29 Karl
409 2116 58 29 Th.
481 2114 129 34 Parker,
636 2112 56 29 Dr.
706 2110 155 30 Nikolaus
885 2108 149 34 Pevsner,
1060 2107 85 28 Prof.
1159 2104 121 29 Walter
1307 2100 140 37 Suchier,
1472 2100 57 28 Dr.
1543 2097 51 29 Eli­

225 2161 113 30 sabeth
362 2158 193 36 Valentiner,
581 2156 85 31 Prof.
682 2155 79 30 Graf
779 2153 183 35 Vitzthum;
988 2152 51 28 für
1058 2149 216 38 Beschaffung
1297 2147 57 29 des
1372 2140 237 35 Bildmaterials

225 2204 171 32 besonders
420 2204 54 28 Dr.
495 2201 120 31 Lothar
634 2199 127 31 Freund
784 2199 67 29 und
869 2197 94 30 Clara
982 2195 100 30 Hertz
1104 2195 33 28 in
1161 2195 55 27 der
1236 2190 184 30 Bibliothek
1439 2186 167 39 Warburg.

311 2272 221 40 Göttingen,
552 2271 78 39 Juni
646 2278 89 32 1932.

1165 2297 198 40 Wolfgang
1388 2293 179 33 Stechow.
