2464 3159
216 358 170 25 Dekoratives

1547 358 41 29 41

215 423 90 27 tona
329 421 33 27 in
387 421 55 28 der
469 420 74 29 Sala
567 420 33 28 di
618 420 113 37 Apollo
756 419 55 29 des
836 419 135 28 Palazzo
990 418 79 29 Pitti
1097 418 103 38 (1660)
1208 420 12 17 1
1222 418 9 38 )
1259 428 29 18 u.
1303 429 28 19 a.
1345 429 41 19 m.
1415 420 77 28 Hier
1519 419 71 28 darf

216 464 80 29 auch
325 464 50 28 die
403 474 73 19 zum
504 464 94 28 Torre
626 464 38 28 de
691 463 31 27 la
750 461 259 38 Parada-Zyklus
1035 461 157 39 gehörige,
1214 463 95 28 heute
1335 463 44 28 im
1401 463 103 29 Prado
1522 464 56 27 auf­

215 508 162 30 bewahrte
403 508 203 37 Darstellung
630 516 57 19 aus
711 506 55 28 der
784 503 179 31 Werkstatt
989 504 54 30 des
1063 505 150 29 Rubens
1237 504 203 40 eingeordnet
1466 507 124 28 werden

218 552 93 37 (Abb.
332 552 50 37 51)
391 553 11 16 2
403 552 22 38 ),
447 551 54 29 der
521 551 100 37 gewiß
641 550 68 29 eine
724 548 134 38 Vorlage
879 548 55 28 des
955 548 144 29 Meisters
1118 549 98 28 selbst
1237 549 161 38 zugrunde
1419 549 90 39 liegt:
1530 551 60 27 Die

215 597 71 33 Art,
320 597 58 28 wie
415 595 66 29 sich
515 595 134 36 Daphne
683 602 58 19 vor
774 594 73 27 dem
879 592 125 37 Zugriff
1036 592 129 38 Apollos
1198 592 32 29 in
1264 591 326 41 schraubenförmiger

216 640 154 38 Drehung
383 638 216 30 bildeinwärts
613 637 125 29 wendet
753 637 67 27 und
835 636 95 29 dabei
945 636 61 28 den
1023 635 89 38 Kopf
1125 635 208 35 herumwirft,
1349 636 43 28 ist
1408 636 74 29 dem
1498 637 78 37 Spät­

216 685 53 28 stil
285 684 55 29 des
357 682 128 29 Rubens
500 682 96 31 nahe;
613 682 44 27 im
671 681 114 36 Apollo
801 679 104 39 klingt
922 680 50 27 die
989 679 96 38 Figur
1101 679 55 28 des
1171 678 244 40 Caragliostichs
1433 679 92 37 (Abb.
1540 679 49 38 29)

215 728 93 34 nach,
333 726 189 29 kombiniert
548 725 58 27 mit
630 724 86 29 einer
741 723 220 29 Reminiszenz
986 733 40 18 an
1051 722 154 38 diejenige
1230 723 55 28 des
1312 721 103 31 Stichs
1440 723 151 28 Panneeis

215 772 82 28 nach
315 771 85 28 einer
418 770 138 28 anderen
576 768 224 38 Komposition
819 767 55 29 des
893 767 144 28 Meisters
1059 766 93 37 (Abb.
1166 766 61 37 50).
1249 766 62 28 Ein
1328 765 172 31 römischer
1519 767 73 28 Cas-

215 825 76 19 sone
312 823 63 19 von
399 820 78 30 1570
497 813 45 27 im
565 809 480 40 South-Kensington-Museum
1064 810 34 28 in
1119 809 134 29 London
1258 810 12 17 3
1272 810 11 37 )
1305 810 70 37 gibt
1398 809 52 30 die
1471 810 107 29 Verfol­

214 867 193 29 gungsszene
430 858 44 27 im
500 856 102 28 Relief
625 855 66 29 und
714 856 125 28 enthält
862 854 251 38 entsprechende
1138 853 176 35 Pendants;
1339 853 253 39 cassoneartigen

215 901 174 30 Charakter
406 902 85 37 trägt
511 900 50 28 die
580 901 55 27 auf
653 899 57 29 das
728 898 354 39 Verwandlungsmotiv
1099 906 80 28 ganz
1197 896 232 36 verzichtende,
1449 897 50 28 die
1517 898 61 28 Ver­

214 945 130 38 folgung
370 946 32 27 in
429 944 165 29 bewußter
622 942 266 39 ,,Einseitigkeit“
917 941 141 39 gebende
1089 941 97 29 Szene
1213 940 157 31 Albanis
1396 940 44 29 im
1467 941 124 28 Louvre

216 981 1377 47 (Abb. 52, Gegenstück Salmacis und Hermaphrodit) 4 5 ), ähnlich ein spätes Bild
215 1034 55 28 des
293 1033 63 37 Jan
381 1032 120 29 Steen.
507 1032 12 17 6
521 1032 8 37 )

295 1077 56 28 Oft
367 1077 71 28 sind
453 1077 128 29 ähnlich
596 1076 156 38 geformte
771 1074 154 39 Gruppen
941 1074 81 30 auch
1038 1074 32 28 in
1087 1072 284 31 Landschaften
1386 1072 206 39 eingebettet,

215 1122 32 28 in
259 1121 101 29 denen
372 1122 57 28 das
441 1120 241 30 Illustrative
693 1120 45 28 im
751 1120 95 28 Sinne
858 1119 56 28 der
926 1117 188 40 „Staffage"
1127 1118 81 28 auch
1221 1117 72 29 dort
1305 1116 84 30 seine
1401 1117 192 29 ästhetische

216 1165 233 39 Berechtigung
463 1165 68 35 hat,
548 1175 48 18 wo
610 1164 89 30 nicht
715 1165 58 27 wie
787 1163 33 29 in
836 1162 293 31 Domenichinos
1145 1161 206 38 Darstellung
1367 1170 57 20 aus
1440 1161 54 28 der
1510 1161 83 27 Villa

217 1210 171 29 Belvedere
409 1210 33 28 in
464 1210 142 29 Frascati
612 1209 12 16 6
627 1209 9 38 )
662 1207 198 40 gleichzeitig
885 1207 82 29 noch
988 1205 70 30 eine
1080 1204 342 40 dekorativ-zyklische
1445 1205 150 36 Bindung

299 1307 23 30 1)
338 1307 178 31 Ausführung
538 1307 48 22 der
604 1306 92 23 Decke
714 1306 82 22 meist
813 1312 55 16 von
886 1303 63 24 Ciro
967 1303 82 27 Ferri,
1068 1303 54 29 vgl.
1144 1302 212 27 Geisenheimer,
1376 1302 29 22 P.
1425 1301 36 22 da
1478 1301 28 23 C.
1526 1308 14 15 e
1557 1301 36 29 gli

216 1342 200 30 affreschi....
437 1342 113 24 Firenze
566 1349 75 21 1909,
659 1348 43 23 14;
719 1341 90 26 Posse,
829 1340 44 30 Jb.
889 1340 28 22 d.
932 1346 40 23 pr.
990 1339 115 23 Kunsts.
1123 1345 75 21 1919,
1216 1338 49 23 160
1270 1337 40 26 ff.,
1326 1337 72 22 Abb.
1412 1343 44 23 23;
1473 1337 36 21 H.
1521 1336 70 26 Voß,

217 1379 53 23 Die
279 1378 113 24 Malerei
406 1379 48 22 des
464 1377 109 24 Barock
582 1377 30 22 in
623 1376 81 27 Rom,
716 1376 94 22 Berlin
819 1383 26 15 o.
859 1376 36 29 J.,
908 1381 60 24 542.
979 1388 36 3 —
1025 1374 39 23 Es
1073 1374 62 28 gibt
1144 1372 140 23 natürlich
1294 1373 72 21 auch
1376 1372 160 30 Fassungen
1546 1372 48 22 des

217 1414 126 27 Themas,
364 1414 30 22 in
419 1414 89 23 denen
528 1413 153 29 zugunsten
701 1411 48 22 der
769 1410 166 31 Anpassung
955 1417 36 15 an
1011 1409 44 23 die
1075 1407 163 24 dekorative
1258 1408 83 22 Form
1360 1406 164 24 absichtlich
1544 1407 50 22 das

217 1449 192 24 Dramatische
425 1448 137 24 reduziert
573 1447 66 24 oder
650 1453 69 24 ganz
731 1446 99 30 getilgt
841 1446 44 27 ist,
900 1452 22 16 z.
935 1445 32 22 B.
979 1445 29 22 in
1020 1444 74 23 einer
1106 1443 129 27 schönen,
1247 1442 43 23 ins
1302 1443 70 22 Oval
1384 1442 210 30 komponierten

215 1485 159 30 Zeichnung
387 1482 262 32 Parmeggianninos
665 1482 29 23 in
707 1482 93 22 Berlin
815 1481 81 29 (Abb.
909 1480 45 22 bei
967 1480 29 22 L.
1010 1478 213 24 Fröhlich-Bum
1236 1485 25 15 a.
1273 1485 24 15 a.
1310 1478 31 22 O.
1356 1478 26 22 S.
1396 1484 40 23 74,
1451 1477 71 22 Abb.
1535 1477 57 30 75);

215 1520 49 23 auf
274 1519 90 24 einem
381 1518 208 24 urbinatischen
600 1516 213 33 Majolikateller
823 1523 56 16 von
894 1522 66 23 1532
972 1515 29 22 in
1014 1514 100 23 Pesaro
1128 1513 107 30 (abgeb.
1249 1513 106 22 Dedalo
1367 1513 50 26 XI,
1433 1519 75 22 1930,
1522 1512 71 29 365),

214 1563 42 15 wo
267 1555 109 31 Apollo,
393 1554 119 31 Daphne
522 1554 57 22 und
591 1552 115 24 Peneios
717 1552 73 22 ohne
800 1550 184 31 eigentlichen
996 1548 239 32 Zusammenhang
1245 1548 190 26 Vorkommen,
1447 1547 147 29 gleichsam

214 1591 41 23 als
268 1591 182 30 Umrandung
468 1590 48 23 der
528 1589 43 23 ins
584 1590 84 22 Rund
681 1587 211 31 komponierten
908 1588 85 22 Szene
1006 1586 48 23 des
1068 1585 132 23 Schusses
1212 1585 99 23 Amors
1324 1584 48 22 auf
1385 1583 110 31 Apollo;
1510 1585 85 21 etwas

215 1626 136 31 bewegter
368 1626 48 23 der
427 1624 214 32 Majolikateller
653 1624 48 23 der
713 1623 70 24 Casa
796 1622 95 24 Horne
904 1622 29 23 in
946 1621 123 27 Florenz,
1084 1621 47 22 Nr.
1145 1627 59 23 225,
1218 1626 43 16 wo
1274 1619 58 22 sich
1346 1618 119 31 Daphne
1478 1626 55 15 von
1546 1619 37 22 Pe­

215 1662 76 23 neios
308 1661 171 30 fortbewegt.
494 1660 54 23 Ein
561 1660 62 23 sehr
637 1658 175 31 geistreicher
825 1657 147 31 Ausgleich
985 1658 48 22 der
1048 1654 240 29 „dramatischen"
1304 1654 57 23 und
1377 1653 216 28 „dekorativen"

215 1697 162 23 Tendenzen
400 1697 29 22 in
442 1696 136 24 Annibale
591 1694 138 24 Carraccis
743 1692 124 26 Grisaille
880 1693 30 22 in
923 1693 48 23 der
986 1691 106 24 Galerie
1105 1691 118 23 Farnese
1238 1689 81 30 (Abb.
1331 1690 45 22 bei
1388 1689 69 27 Voß,
1473 1688 52 23 Die
1537 1689 46 22 Ma­

214 1733 66 22 lerei
293 1732 48 24 des
356 1732 108 23 Barock
482 1731 29 23 in
527 1732 79 25 Rom,
623 1730 94 23 Berlin
731 1737 24 15 o.
771 1730 35 29 J.,
825 1729 25 23 S.
866 1735 49 23 170
930 1729 72 22 oben
1015 1727 94 30 links).
1124 1740 36 3 —
1174 1725 94 23 Etwas
1282 1724 147 23 rätselhaft
1442 1723 37 23 ist
1494 1723 43 23 die
1552 1723 44 22 nie

215 1767 182 31 abgebildete,
425 1775 51 15 nur
506 1773 69 23 ganz
601 1764 181 32 gelegentlich
809 1763 186 31 (Steinmann,
1015 1764 28 22 Z.
1054 1762 20 23 f.
1085 1763 28 22 b.
1126 1762 35 23 K.
1191 1760 122 31 1898/99,
1344 1762 61 26 169;
1433 1758 162 29 Baumgart,

216 1804 56 23 Mü.
290 1803 44 31 Jb.
352 1810 74 22 1931,
441 1802 42 30 62)
503 1802 102 23 einmal
617 1801 141 24 erwähnte
773 1799 126 25 Grisaille
912 1799 29 23 in
954 1800 49 22 der
1016 1796 229 32 Fensterlaibung
1258 1798 81 20 unter
1353 1794 112 25 Rafaels
1478 1795 118 25 Parnaß,

217 1840 51 26 die,
293 1839 71 24 nach
387 1839 48 22 der
461 1838 91 23 direkt
575 1836 126 24 daneben
723 1834 187 25 befindlichen
927 1832 234 32 Medici-Imprese
1185 1840 32 14 zu
1241 1831 125 26 urteilen,
1390 1831 81 23 unter
1493 1830 56 22 Leo
1559 1829 36 23 X.

217 1876 65 22 oder
293 1872 193 27 ClemensVII.
499 1873 167 22 entstanden
679 1872 58 23 sein
749 1872 74 23 muß.
838 1871 91 23 Herrn
942 1870 97 23 Dr.W.
1047 1868 89 24 Körte
1147 1867 142 23 verdanke
1299 1866 46 23 ich
1357 1865 60 24 eine
1430 1865 155 22 Nachzeich­

217 1916 83 24 nung,
314 1916 49 17 aus
376 1910 48 22 der
441 1909 175 30 hervorgeht,
631 1907 55 24 daß
699 1905 168 32 Verfolgung
880 1906 58 22 und
950 1904 204 31 Verwandlung
1167 1904 28 21 in
1208 1902 49 23 der
1270 1901 129 24 üblichen
1411 1900 186 24 illustrativen

217 1945 83 23 Form
316 1945 101 27 rechts,
439 1944 74 24 links
529 1945 124 29 dagegen
671 1943 67 24 zwei
754 1941 182 32 hirtenartige
948 1941 117 23 Männer
1082 1937 162 32 dargestellt
1261 1938 70 26 sind,
1351 1936 49 23 auf
1417 1936 84 24 deren
1517 1934 81 24 einen

218 1982 48 22 der
277 1980 179 25 schwebende
473 1980 92 27 Amor,
579 1987 56 15 von
647 1979 31 23 A.
693 1979 57 22 und
763 1978 34 24 D.
811 1977 189 30 abgewendet,
1014 1985 33 14 zu
1060 1974 130 24 schießen
1202 1973 119 27 scheint;
1336 1971 103 30 Folgen
1451 1970 75 24 einer
1537 1977 49 15 ver­

218 2015 201 25 ständnislosen
439 2015 215 31 Restaurierung
664 2013 10 25 ?

298 2052 25 30 2)
338 2052 89 23 Prado
441 2051 47 24 Nr.
503 2052 74 29 1642,
599 2058 47 22 193
656 2056 19 19 x
685 2057 49 23 207
745 2057 45 16 cm
804 2048 97 31 (gewiß
913 2048 74 22 links
999 2045 187 29 beschnitten;
1205 2044 55 31 vgl.
1274 2044 72 23 auch
1359 2043 49 23 das
1421 2041 115 25 Format
1550 2041 47 22 der

220 2087 119 23 anderen
358 2086 212 32 Darstellungen
595 2085 89 24 dieser
703 2084 96 28 Reihe,
821 2083 142 24 Klassiker
983 2084 48 22 der
1052 2081 93 24 Kunst
1168 2078 196 32 [Oldenbourg]
1389 2079 25 22 S.
1427 2076 108 31 384ff.).
1558 2077 38 22 Zu

222 2122 113 23 Rubens
352 2122 55 30 vgl.
424 2122 92 24 ferner
531 2122 73 23 oben
623 2122 26 23 S.
663 2127 41 23 30.

302 2157 25 30 3)
344 2157 160 32 Schubring,
525 2157 114 23 Cassoni
658 2157 48 23 Nr.
719 2157 59 25 866,
799 2155 60 24 Taf.
871 2154 156 23 CLXXXI.

302 2193 25 30 4)
342 2195 115 26 Louvre,
476 2193 48 24 Nr.
539 2200 75 19 1112,
628 2197 101 26 17X35
741 2198 55 20 cm;
816 2190 149 30 Engerand
983 2197 24 15 a.
1020 2196 24 16 a.
1057 2188 32 23 O.
1111 2188 26 23 S.
1152 2186 73 29 igof.

301 2228 26 30 5)
342 2229 70 22 Abb.
431 2229 45 23 bei
492 2229 42 23 W.
546 2228 111 26 Martin,
677 2227 91 23 Neues
784 2227 68 23 über
873 2226 55 29 Jan
947 2226 92 25 Steen,
1058 2224 28 22 Z.
1098 2223 18 22 f.
1130 2224 25 22 b.
1171 2223 33 22 K.
1224 2223 41 25 61,
1288 2220 121 30 1927/28,
1429 2219 60 29 338.

301 2264 26 30 6)
345 2265 75 29 Jetzt
439 2265 45 22 bei
505 2263 67 24 Graf
586 2262 207 24 Lanckoronski
812 2262 29 22 in
860 2261 89 23 Wien.
966 2261 56 22 Um
1039 2259 137 24 1608—16
1197 2256 52 24 mit
1264 2256 120 24 anderen
1400 2253 199 31 Apolloszenen

218 2299 42 23 im
274 2299 134 31 Aufträge
421 2307 56 15 von
490 2299 81 30 Msgr.
583 2298 148 30 Agucchia,
745 2296 208 32 Maggiordomo
971 2296 49 22 des
1035 2293 148 26 Kardinals
1197 2291 93 24 Pietro
1304 2288 208 29 Aldobrandini,
1527 2289 71 22 nach

224 2334 106 24 Passeri
351 2337 81 20 unter
454 2333 117 33 Leitung
594 2332 216 25 Domenichinos
836 2339 56 16 von
914 2330 165 24 Alessandro
1102 2330 123 22 Fortuna
1246 2327 58 23 und
1324 2325 81 24 Viola
1426 2324 172 30 ausgeführt;

223 2371 41 22 W.
277 2370 184 28 Friedländer,
486 2369 102 24 Archiv
603 2369 44 23 für
665 2366 250 33 Kunstgeschichte
932 2367 22 26 I,
977 2367 47 22 Nr.
1037 2366 116 30 69—72;
1180 2365 35 22 K.
1229 2361 190 32 Gerstenberg,
1445 2359 51 23 Die
1512 2359 87 23 ideale

222 2404 305 29 Landschaftsmalerei,
547 2404 80 24 Halle
647 2410 74 23 1923,
747 2404 26 23 S.
785 2403 69 30 59ff.
875 2402 111 30 (Viola).
1004 2416 35 3 —
1058 2400 77 24 Ganz
1153 2397 200 31 Staffagenhaft
1371 2395 85 23 schon
1473 2394 44 23 die
1534 2395 66 22 halb

222 2449 56 15 von
290 2440 99 25 Felsen
402 2439 225 25 überschnittene
640 2438 118 31 Daphne
775 2438 48 24 des
835 2437 66 24 bald
915 2435 177 29 Boccaccino,
1107 2435 65 23 bald
1187 2432 157 25 Romanino
1359 2429 133 32 (Venturi,
1509 2430 90 23 Storia

222 2477 51 27 IX,
287 2483 23 24 3,
324 2477 60 30 799)
415 2474 246 32 zugeschriebenen
685 2473 93 23 Bildes
805 2474 48 23 der
881 2472 171 30 ehemaligen
1079 2469 162 30 Sammlung
1265 2467 117 26 Benson,
1407 2464 70 32 jetzt
1499 2465 29 22 in
1552 2464 47 23 der

224 2512 162 31 Sammlung
405 2511 101 24 Schloß
524 2510 139 27 Rohoncz,
688 2509 67 22 Kat.
765 2507 139 26 München
922 2515 76 22 1930,
1017 2506 48 24 Nr.
1077 2506 34 22 28
1127 2506 49 29 (im
1189 2502 194 32 Vordergrund
1396 2500 46 24 ein
1455 2499 144 30 geigender

225 2547 83 32 Satyr
324 2547 52 23 mit
392 2547 115 23 nackter
523 2545 141 31 Nymphe;
683 2544 76 30 phot.
778 2543 94 24 Braun
889 2543 111 30 37375).
