2464 3159
195 365 133 29 Poussin;
342 365 102 29 spätere
457 361 88 25 Werke

1523 358 41 30 37

272 424 103 31 Allein
400 425 57 28 wir
473 423 123 37 wissen,
614 422 133 29 welches
762 422 33 27 in
813 421 118 28 diesem
951 420 125 29 Punkte
1094 420 157 29 wahrhaft
1271 419 148 31 Poussins
1437 420 132 35 „letztes

192 470 114 31 Wort“
329 478 75 21 war.
430 469 37 28 In
491 467 72 30 dem
587 465 78 38 1665
688 464 206 29 unvollendet
918 463 250 30 hinterlassenen
1192 462 193 32 Louvrebild
1411 464 91 38 (Abb.
1516 463 50 38 45)

192 515 42 29 ist
257 514 57 28 das
334 512 160 40 bisherige
514 511 121 37 Tempo
655 509 82 29 noch
758 508 110 29 weiter
889 518 40 18 zu
951 517 81 27 ganz
1052 504 518 44 unmythologisch-symbolischer

195 558 92 31 Ruhe
304 555 229 41 verlangsamt,
553 555 66 27 und
636 562 33 19 es
685 553 42 27 ist
745 551 69 29 eine
833 551 207 38 Darstellung
1056 550 150 38 gegeben,
1226 551 49 28 die
1294 549 100 31 durch
1412 550 157 39 völliges

195 601 260 32 Ausscheiden
482 607 63 21 von
572 594 230 40 Verfolgung
829 595 66 28 und
922 593 276 40 Verwandlung
1225 593 50 29 die
1301 593 119 30 letzten
1448 594 106 30 Konse­

195 655 144 30 quenzen
351 645 56 28 des
418 640 268 32 klassizistischen
701 640 93 28 Stiles
805 639 94 28 zieht.
915 638 39 29 In
965 638 68 27 ihm
1043 638 42 28 ist
1097 637 165 29 nochmals
1272 637 51 28 ein
1334 646 97 21 neues
1443 637 127 39 Prinzip

196 689 193 41 aufgestellt,
411 685 138 31 insofern
570 686 46 27 als
637 683 119 30 sowohl
776 683 50 28 die
848 683 72 27 dem
941 681 215 39 Zeitproblem
1176 680 177 39 gegenüber
1374 681 44 27 im
1442 679 128 31 Grunde

195 732 203 33 indifferente
419 728 180 39 „lyrische“
623 726 230 30 Kombination
874 726 197 29 sukzessiver
1093 724 165 29 Elemente
1283 723 217 40 (Jugendbild)
1525 724 45 29 als

196 778 84 30 auch
298 777 58 29 das
373 772 240 32 transitorische
633 771 141 29 Moment
795 768 421 41 (Chatsworth-Zeichnung)
1235 768 112 37 getilgt
1365 767 52 30 ist.
1438 767 133 31 Poussin

196 822 69 39 gibt
286 820 68 29 hier
374 819 69 28 eine
463 815 315 31 räumlich-zeitliche
800 813 212 40 Vereinigung
1033 822 63 19 von
1117 813 45 27 im
1186 811 134 30 Gedicht
1342 810 162 31 sukzessiv
1525 820 32 19 er­

196 865 128 30 zählten
346 863 117 37 Zügen,
487 860 50 29 die
559 859 113 39 jedoch
695 858 172 29 wiederum
888 858 78 28 aller
988 855 261 31 transitorischen
1271 855 95 28 Form
1388 853 183 36 entbehren,

196 908 153 30 vielmehr
362 904 178 40 prinzipiell
552 905 46 27 als
610 902 201 30 dauerhaft
824 901 179 38 begreifbar
1015 901 80 34 sind,
1108 901 94 37 Züge,
1215 909 39 19 zu
1267 899 94 29 deren
1374 897 196 31 Illustration

196 955 84 27 etwa
301 950 106 29 Giulio
426 948 146 30 Romano
591 947 141 29 mehrere
752 946 124 29 Blätter
893 945 183 39 geschaffen
1092 945 105 28 hatte:
1216 943 135 39 Daphne
1370 942 96 30 bittet
1483 943 89 28 ihren

197 996 108 35 Vater,
326 994 43 29 sie
393 992 159 39 Jungfrau
571 991 126 29 bleiben
716 1000 40 19 zu
775 990 113 35 lassen,
910 989 76 30 aber
1006 989 90 29 beide
1116 989 72 28 smd
1205 988 93 37 ruhig
1316 986 149 40 gelagert,
1485 985 90 30 mehr

196 1039 134 31 sinnend
347 1039 47 28 als
410 1036 233 40 disputierend;
661 1035 114 37 Apollo
792 1034 134 30 verliebt
945 1034 66 29 sich
1026 1033 32 28 in
1076 1033 53 34 sie,
1147 1033 76 28 aber
1238 1041 34 19 er
1287 1031 41 28 ist
1345 1030 92 40 ruhig
1452 1030 122 29 sitzend

197 1083 151 40 gegeben,
368 1082 138 39 Daphne
526 1081 91 28 mehr
635 1078 254 31 betrachtend
907 1078 49 29 als
974 1076 234 36 erblickend;
1226 1076 100 29 Amor
1344 1074 84 35 zielt,
1447 1073 77 30 aber
1542 1083 33 19 er

197 1128 141 31 schwebt
353 1125 100 37 nicht,
469 1125 134 29 sondern
618 1123 85 30 steht
718 1124 61 28 fest
795 1123 55 29 auf
864 1123 73 29 dem
947 1122 124 34 Boden;
1086 1121 67 29 und
1167 1120 84 29 diese
1264 1118 233 40 Andeutungen
1511 1127 63 20 von

199 1172 174 39 Handlung
393 1169 127 30 werden
540 1168 125 29 nahezu
684 1167 168 29 verwischt
875 1166 100 30 durch
996 1166 51 28 die
1067 1165 103 30 vielen
1189 1164 94 38 ruhig
1301 1163 179 39 gelagerten
1501 1162 75 29 oder

198 1216 176 31 stehenden
383 1213 249 40 Nebenfiguren,
642 1212 51 29 die
706 1212 89 28 Stille
805 1211 56 28 der
870 1210 208 35 Landschaft,
1087 1209 46 29 im
1141 1206 303 40 unvergleichlichen
1453 1205 123 39 Adagio

200 1262 55 29 der
280 1258 183 40 zyklischen
490 1256 234 40 Komposition.
751 1255 80 29 Eine
856 1253 242 40 Vorzeichnung
1121 1254 33 27 in
1180 1252 178 38 Leningrad
1385 1249 191 40 (Eremitage

200 1306 55 31 Nr.
269 1312 92 30 7007,
383 1303 69 29 eine
477 1301 111 30 Skizze
610 1300 162 29 verdanke
793 1299 51 30 ich
866 1299 48 29 W.
929 1297 217 40 Friedländer)
1168 1298 153 37 gestattet
1344 1304 39 19 zu
1404 1294 172 39 verfolgen,

201 1349 58 31 wie
278 1347 135 30 Poussin
431 1346 51 28 die
500 1345 208 30 wunderbare
728 1343 92 30 Ruhe
839 1344 102 28 dieses
960 1342 108 28 Bildes
1085 1341 50 30 bis
1152 1351 74 18 zum
1241 1341 119 27 letzten
1378 1338 141 28 Moment
1537 1348 41 18 zu

200 1394 139 39 steigern
358 1390 143 31 bestrebt
521 1399 75 19 war.
618 1390 38 27 In
674 1388 51 28 ihr
744 1388 102 29 steht
866 1387 116 38 Apollo
1001 1386 82 29 noch
1102 1385 33 28 in
1154 1383 261 31 antikisierender
1434 1381 145 39 Haltung

202 1438 60 30 mit
275 1435 193 39 gekreuzten
485 1434 119 29 Beinen
621 1432 41 29 da
679 1432 78 36 (also
772 1431 44 29 im
830 1430 166 29 Anschluß
1011 1440 41 18 an
1068 1429 57 29 das
1138 1428 156 29 römische
1310 1426 89 29 Blatt
1416 1426 81 28 Abb.
1510 1426 67 38 43);

200 1491 59 20 vor
275 1480 95 28 allem
386 1478 76 28 aber
477 1478 111 28 finden
604 1476 66 29 sich
687 1476 33 28 in
735 1476 51 28 ihr
802 1476 82 28 noch
901 1474 77 29 zwei
993 1473 157 38 fliegende
1166 1472 129 34 Putten,
1312 1470 95 29 deren
1424 1471 84 27 einer
1524 1470 56 28 auf

201 1525 114 40 Apollo
334 1533 39 19 zu
392 1522 99 28 zielen
510 1521 137 34 scheint;
667 1520 77 28 zwei
762 1518 196 39 kämpfende
976 1517 115 38 Ziegen
1110 1515 175 36 „beleben"
1305 1515 50 28 die
1375 1513 204 30 Landschaft.

201 1570 39 31 In
256 1569 56 30 der
327 1565 242 41 Vorzeichnung
584 1565 55 29 des
655 1564 124 29 Louvre
788 1564 11 17 1
801 1562 9 40 )
828 1563 71 29 sind
916 1562 85 30 diese
1016 1561 84 39 Züge
1117 1559 116 30 bereits
1248 1558 151 40 gelöscht,
1416 1558 50 30 die
1483 1557 85 31 Kom­

201 1613 137 40 position
359 1612 41 30 ist
422 1611 65 30 fast
508 1608 166 40 endgültig
693 1607 190 30 formuliert.
906 1606 61 30 Die
988 1605 116 39 völlige
1125 1602 252 32 Versunkenheit
1399 1603 129 38 Apollos
1547 1603 33 27 in

202 1659 62 30 den
282 1656 138 30 Anblick
438 1655 56 28 der
515 1652 167 31 Geliebten
700 1653 67 37 galt
786 1661 33 20 es
838 1661 67 19 nun
924 1661 41 19 zu
982 1648 268 35 unterstreichen;
1270 1646 120 31 diesem
1407 1645 174 31 Bestreben

202 1702 88 30 dient
313 1701 50 29 die
386 1698 231 40 merkwürdige
643 1695 191 40 Gestaltung
857 1695 182 34 Merkurs,
1063 1693 57 30 wie
1144 1691 118 30 Bellori
1283 1690 97 31 schon
1403 1690 178 29 bemerkte:

203 1746 70 37 „Fu
291 1743 129 31 scherzo
437 1743 52 28 del
506 1742 118 39 pittore
642 1741 121 39 figurar
781 1740 103 29 dietro
901 1738 147 40 Apolline
1065 1737 133 30 l’astuto
1216 1735 155 31 Mercurio
1388 1735 57 28 che
1463 1733 120 30 destra-

203 1793 108 28 mente
323 1790 45 38 gli
380 1788 74 30 fura
468 1797 15 19 e
497 1786 98 39 toglie
609 1786 85 29 dalla
707 1785 120 29 faretra
841 1793 65 19 una
918 1785 107 28 saetta
1039 1781 104 35 d’oro;
1157 1790 40 19 ne
1209 1781 23 28 il
1245 1779 118 30 biondo
1376 1779 63 28 Dio
1452 1788 33 19 se
1499 1778 85 29 n’ac-

204 1844 91 30 corge
309 1833 85 29 fatto
408 1832 83 28 della
504 1840 107 20 nuova
625 1829 87 30 beltä
725 1827 245 40 vagheggiatore
984 1827 37 28 ed
1038 1825 159 30 amante.“
1208 1825 11 17 2
1222 1825 8 38 )
1249 1824 86 29 Statt
1350 1822 55 30 der
1418 1822 152 38 kämpfen­

205 1879 61 29 den
285 1876 115 40 Ziegen
419 1876 50 28 die
487 1875 93 38 ruhig
598 1873 151 30 stehende
768 1873 67 29 und
853 1872 149 38 lagernde
1021 1870 121 35 Herde;
1162 1868 144 30 daneben
1325 1867 68 29 eine
1412 1867 71 28 sehr
1501 1866 83 29 stille

207 1922 131 39 Gruppe
359 1930 64 20 von
445 1920 67 29 drei
535 1918 208 39 Jünglingen:
764 1917 52 29 ein
839 1915 176 30 Stehender
1035 1914 67 30 und
1122 1914 70 29 eine
1214 1911 163 31 Knieende
1398 1909 185 30 betrachten

205 1967 91 29 einen
312 1976 54 19 am
382 1964 109 28 Boden
510 1962 179 40 Liegenden
709 1961 174 38 (vielleicht
901 1959 130 36 Narciß,
1050 1958 61 29 den
1129 1957 134 30 Poussin
1279 1957 33 28 in
1329 1955 102 29 einem
1448 1954 123 29 Louvre­

206 2011 65 29 bild
289 2011 32 28 in
338 2008 162 31 ähnlicher
515 2008 145 38 Haltung
676 2016 63 18 von
754 2005 88 30 Echo
859 2005 64 28 und
935 2004 81 30 Eros
1033 2002 162 30 betrauert
1214 2000 182 39 dargestellt
1413 1999 89 28 hatte
1520 1998 66 28 und

207 2064 42 20 an
270 2055 61 28 den
351 2053 98 31 schon
468 2052 129 30 Andrea
617 2051 50 29 del
690 2051 93 28 Sarto
807 2049 93 39 (Abb.
914 2048 51 39 27)
987 2047 51 29 bei
1062 2045 207 39 Schilderung
1288 2044 55 29 der
1364 2042 223 39 Daphnefabel

208 2099 140 29 erinnert
373 2097 118 39 hatte);
524 2096 45 28 im
594 2095 122 29 Baume
742 2093 68 30 eine
836 2093 96 38 lässig
957 2092 158 38 gelagerte
1142 2089 160 39 Nymphe,
1328 2088 33 28 in
1387 2087 50 28 die
1464 2086 123 29 Pariser

209 2140 181 41 Zeichnung
409 2140 146 30 offenbar
574 2149 80 28 ganz
674 2139 118 28 zuletzt
813 2136 173 39 eingefügt,
1007 2135 115 30 formal
1142 2144 63 19 von
1228 2132 105 30 Giulio
1354 2131 145 29 Romano
1518 2130 55 29 her­

210 2186 137 30 zuleiten
348 2185 12 18 3
362 2183 22 40 ),
400 2182 264 41 ikonographisch
683 2183 98 28 kaum
797 2192 40 19 zu
853 2181 119 29 deuten
988 2197 40 4 —
1045 2179 76 29 alles
1137 2179 85 37 Züge
1239 2186 63 19 von
1318 2175 130 39 größter
1464 2174 123 29 innerer

294 2292 24 30 1)
333 2292 43 23 W.
388 2289 176 24 Friedländer
579 2297 24 15 a.
616 2297 24 16 a.
653 2289 31 24 O.
697 2289 71 22 Abb.
782 2289 58 23 266.

294 2332 25 30 2)
334 2330 102 24 Bellori
452 2338 24 15 a.
489 2338 23 15 a.
526 2330 31 23 O.
572 2330 26 22 S.
612 2329 57 23 188.
687 2329 52 22 Die
754 2326 240 33 Merkur-Gruppe
1009 2325 79 23 leitet
1104 2324 59 23 sich
1178 2322 118 24 formal
1313 2329 50 16 aus
1378 2320 75 23 einer
1469 2319 119 24 Louvre-

214 2367 160 32 Zeichnung
386 2366 130 22 Poussins
526 2365 57 26 her,
596 2365 44 22 die
651 2364 41 24 als
704 2362 154 32 „Daphne“
871 2360 231 33 photographiert
1113 2360 37 22 ist
1163 2358 155 31 (Giraudon
1331 2356 108 31 12941),
1451 2355 30 23 in
1491 2354 86 24 Wahr­

213 2403 61 24 heit
288 2402 66 24 aber
368 2401 141 31 Apollon
526 2399 224 24 Sauroktonos
764 2398 126 24 darstellt
904 2398 58 23 und
976 2397 44 23 die
1036 2396 112 30 Gruppe
1163 2394 85 23 schon
1262 2400 69 22 ganz
1346 2391 111 23 ähnlich
1471 2389 116 24 enthält.

213 2439 68 23 Man
298 2437 75 24 fühlt
390 2436 59 23 sich
466 2435 71 24 auch
554 2443 36 15 an
607 2432 405 33 Paris-Urteil-Darstellungen
1029 2430 129 24 erinnert.

298 2478 25 29 3)
339 2475 158 31 Zeichnung
512 2475 52 23 mit
578 2475 64 22 dem
656 2473 59 24 Tod
731 2474 47 22 der
793 2472 109 24 Prokris
916 2473 29 23 in
956 2470 151 25 Frankfurt
1124 2468 178 31 (abgebildet:
1319 2466 68 26 Voß,
1399 2463 192 31 Zeichnungen

219 2514 48 23 der
286 2510 243 33 Spätrenaissance
545 2509 60 24 Taf.
620 2516 10 16 1
650 2516 26 16 u.
695 2508 160 30 Baumgart,
873 2507 169 24 Münchener
1061 2505 143 31 Jahrbuch
1224 2509 63 24 1931
1308 2502 27 23 S.
1347 2500 54 31 57),
1418 2500 85 23 worin
1520 2499 71 22 noch

219 2547 110 25 weitere
347 2547 157 30 Vorklänge
521 2552 57 17 von
595 2543 130 24 Poussins
743 2544 62 22 Bild
823 2543 192 23 vernehmbar.
