2464 3159
312 776 30 23 i.
366 753 592 47 BEDEUTUNGSWANDEL
980 755 109 35 VOM
1112 749 373 42 MITTELALTER

646 818 108 36 ZUR
775 813 370 40 RENAISSANCE

287 913 64 28 Der
382 909 129 40 Mythos
540 918 64 20 von
635 905 115 41 Apollo
779 905 67 29 und
876 903 137 40 Daphne
1042 903 57 28 hat
1129 902 33 29 in
1192 901 103 30 einem
1324 901 55 29 der
1409 898 175 42 sprachlich

207 957 169 31 schönsten
407 953 117 31 Stücke
559 962 63 18 von
651 949 101 31 Ovids
780 947 277 41 Metamorphosen
1085 946 84 29 seine
1197 945 51 30 für
1276 944 59 31 alle
1363 944 108 29 Zeiten
1500 943 74 30 maß­

206 1000 152 41 gebende,
383 995 210 33 künstlerisch
617 993 236 32 vollkommene
875 992 145 39 Fassung
1042 990 152 30 erhalten.
1221 989 37 30 In
1280 988 50 29 ihr
1353 988 71 29 sind
1447 996 57 19 aus
1527 987 61 29 den

208 1046 48 30 bis
286 1044 97 29 dahin
412 1041 224 41 vorliegenden
665 1036 283 41 Formulierungen
976 1036 51 29 die
1055 1033 230 40 lebendigsten,
1314 1029 274 35 anschaulichsten

208 1091 84 37 Züge
308 1088 60 29 mit
384 1085 123 32 klarem
521 1085 92 30 Blick
627 1082 157 40 vereinigt
799 1080 139 36 worden,
953 1081 33 28 in
1002 1089 35 20 so
1052 1077 198 41 endgültiger
1267 1077 156 38 Prägung,
1440 1075 63 28 daß
1519 1075 69 39 jene

209 1134 121 30 älteren
350 1130 185 40 Fassungen
554 1129 35 29 in
609 1128 56 29 der
685 1129 149 37 späteren
854 1118 243 46 Überheferung
1115 1131 62 20 nur
1196 1131 81 30 ganz
1296 1118 208 41 gelegentlich
1524 1119 67 29 und

210 1177 147 40 peripher
378 1174 118 32 einmal
516 1174 114 29 wieder
652 1170 195 31 auftauchen
868 1170 67 28 und
956 1170 55 28 der
1032 1166 183 32 ovidischen
1237 1166 87 29 nicht
1347 1165 45 28 im
1411 1162 180 41 geringsten

211 1223 91 29 mehr
317 1219 171 32 ernstliche
506 1217 212 31 Konkurrenz
735 1215 134 30 machen
886 1213 152 30 konnten.
1057 1211 90 29 Auch
1164 1211 58 27 hat
1239 1209 85 29 Ovid
1340 1209 56 28 der
1414 1207 97 30 Fabel
1528 1215 64 20 von

212 1267 66 29 sich
304 1275 57 20 aus
385 1263 101 40 einige
512 1263 55 29 der
585 1262 51 28 für
654 1269 95 21 unser
767 1257 193 41 Empfinden
979 1253 347 34 charakteristischsten
1345 1252 66 30 und
1430 1249 150 31 kraftvoll­

212 1314 71 27 sten
296 1311 85 37 Züge
393 1306 175 36 verliehen;
581 1316 35 19 so
628 1305 43 29 ist
685 1315 26 19 z.
726 1305 37 28 B.
777 1303 73 29 teils
862 1302 101 30 durch
976 1299 226 40 Umformung,
1213 1297 73 31 teils
1298 1297 100 29 durch
1411 1293 169 41 Neuschöp­

214 1356 78 37 fung
308 1354 50 29 ein
376 1353 68 39 Zug
460 1352 101 29 seiner
579 1350 144 38 Fassung
739 1346 203 37 entstanden,
961 1346 55 28 der
1033 1344 52 30 für
1102 1343 50 29 die
1170 1341 147 31 bildende
1337 1340 106 29 Kunst
1461 1339 58 30 seit
1538 1338 55 28 der

216 1397 210 32 Renaissance
454 1406 64 18 von
545 1391 261 33 entscheidender
834 1389 190 40 Bedeutung
1050 1387 123 30 wurde:
1202 1386 49 30 die
1279 1383 233 40 Verwandlung
1539 1383 54 28 der

215 1443 136 38 Daphne
372 1439 99 31 durch
491 1439 91 29 ihren
601 1437 131 40 eigenen
753 1435 97 29 Vater
871 1433 139 30 Peneios.
1014 1433 12 17 1
1027 1431 10 39 )

295 1487 44 28 Es
356 1483 42 31 ist
419 1494 66 19 nun
504 1482 154 35 bekannt,
680 1480 63 30 daß
764 1478 100 30 Ovids
884 1475 201 41 Popularität
1105 1475 81 30 auch
1206 1474 45 29 im
1269 1483 120 29 ganzen
1411 1469 184 33 Mittelalter

213 1532 56 28 der
290 1528 109 32 keines
419 1527 140 30 anderen
580 1524 150 32 Dichters
750 1524 56 28 der
826 1521 120 30 Antike
967 1519 258 40 nachgestanden
1246 1518 67 28 hat.
1339 1517 52 36 Ja,
1413 1524 76 20 man
1510 1515 86 28 kann

213 1583 111 32 sagen:
338 1572 74 32 Wer
425 1582 65 21 von
503 1571 62 29 den
579 1566 291 43 Metamorphosen,
885 1565 74 32 dem
973 1564 156 37 ,,0vidius
1142 1560 136 42 major“,
1292 1560 59 31 wie
1364 1568 76 21 man
1452 1559 55 29 ihn
1521 1567 76 30 gern

213 1622 131 33 nannte,
364 1616 106 32 nichts
488 1616 92 29 hätte
599 1613 115 31 wissen
732 1612 134 30 wollen
884 1628 42 4 —
943 1610 67 30 und
1028 1619 34 20 es
1079 1608 65 39 gab
1161 1608 34 37 ja
1214 1604 192 33 mancherlei
1424 1613 99 30 gegen
1541 1603 56 28 ihn

214 1660 236 40 einzuwenden,
468 1670 65 19 was
551 1659 81 29 auch
650 1657 112 39 häufig
778 1655 176 41 geschehen
970 1655 42 29 ist
1020 1655 12 16 2
1034 1654 9 38 )
1062 1670 49 17 —,
1130 1652 57 29 hat
1206 1650 81 31 doch
1304 1659 65 20 von
1385 1648 97 29 ihnen
1499 1649 99 28 etwas

215 1708 111 31 wissen
342 1706 158 31 müssen.
515 1703 74 30 Wer
602 1702 44 30 sie
660 1701 90 31 nicht
763 1701 46 28 im
822 1699 143 40 Original
977 1698 86 31 lesen
1077 1697 130 34 konnte,
1222 1694 57 31 das
1293 1695 32 28 in
1339 1693 85 29 einer
1438 1691 146 31 beträcht­

216 1752 103 31 lichen
333 1750 110 40 Menge
457 1759 63 19 von
534 1745 252 33 Handschriften
799 1743 182 32 überliefert
995 1742 117 34 wurde,
1127 1739 119 32 konnte
1259 1739 66 29 sich
1338 1738 59 29 seit
1411 1737 73 29 dem
1495 1734 104 32 hohen

219 1795 185 33 Mittelalter
421 1803 41 21 an
480 1786 263 46 Übersetzungen
758 1790 120 34 halten,
897 1787 95 31 deren
1010 1786 113 30 älteste
1141 1785 50 28 die
1209 1782 150 31 deutsche
1377 1781 55 29 des
1449 1778 150 31 Albrecht

218 1851 65 21 von
301 1838 210 32 Halberstadt
531 1836 103 39 (1210)
652 1843 144 30 gewesen
812 1834 53 29 ist.
885 1833 44 28 Es
946 1830 98 31 fehlte
1062 1830 67 29 also
1146 1827 90 32 nicht
1254 1837 41 19 an
1313 1827 56 30 der
1386 1822 214 41 Möglichkeit,

218 1895 74 21 zum
311 1884 81 30 Text
413 1883 100 30 Ovids
532 1891 38 20 zu
589 1879 164 40 gelangen.
758 1879 12 16 3
771 1888 9 28 ;

304 1964 24 30 1)
344 1964 43 23 Da
405 1962 74 25 diese
497 1961 137 23 Tatsache
651 1958 94 24 bisher
763 1957 78 24 nicht
859 1955 56 24 voll
933 1954 119 25 erkannt
1069 1952 112 24 worden
1197 1950 45 29 ist,
1262 1951 66 30 geht
1347 1948 128 24 Exkurs
1486 1947 12 22 I
1518 1947 85 23 näher

223 2000 100 25 darauf
340 1999 54 24 ein.

304 2035 25 30 2)
345 2034 61 32 Vgl.
424 2042 22 15 z.
460 2034 31 21 B.
509 2032 55 23 den
580 2038 56 15 von
653 2027 191 29 Liebeschütz,
879 2024 162 34 Fulgentius
1057 2022 171 25 Metaforalis
1246 2020 130 32 (Studien
1391 2020 27 23 d.
1437 2017 72 23 Bibi.
1527 2016 77 25 War-

223 2070 129 33 burglV,
365 2069 78 31 1926)
465 2069 26 22 S.
505 2075 31 22 13
555 2065 128 25 zitierten
702 2064 109 31 Angriff
828 2064 48 23 des
895 2061 115 25 Konrad
1027 2067 57 17 von
1101 2058 111 25 Hirsau.

305 2107 26 29 3)
345 2105 84 25 Trotz
447 2102 150 24 veralteter
615 2101 107 24 Stellen
737 2101 100 22 immer
854 2098 72 23 noch
944 2092 202 34 grundlegend:
1166 2093 67 23 Karl
1252 2090 127 28 Bartsch,
1399 2086 132 27 Albrecht
1550 2094 55 15 von

227 2140 182 27 Halberstadt
430 2140 56 23 und
507 2138 74 24 Ovid
607 2136 40 24 im
667 2134 175 29 Mittelalter,
867 2131 190 34 Quedlinburg
1075 2139 26 15 u.
1122 2127 113 33 Leipzig
1256 2128 75 25 1861,
1352 2123 168 32 Einleitung.
1542 2122 64 23 Sein

229 2175 194 28 Albrechttext
447 2175 42 24 bis
512 2174 48 23 auf
583 2173 45 23 ein
647 2171 106 24 kleines
774 2170 87 24 Stück
882 2168 76 31 (Met.
971 2168 52 27 XI,
1037 2166 146 31 156—290)
1208 2162 67 26 freie
1297 2157 240 30 Rekonstruktion
1559 2157 47 23 auf

230 2213 97 25 Grund
345 2211 49 24 der
406 2209 225 25 hochdeutschen
645 2201 197 36 Übertragung
854 2205 68 30 Jörg
930 2202 156 25 Wickrams
1094 2207 57 17 von
1167 2206 66 24 1545
1241 2207 7 19 ;
1263 2197 72 24 dazu
1349 2197 71 22 Otto
1435 2193 107 31 Runge,
1555 2192 51 23 Die

227 2242 488 39 Metamorphosen-Verdeutschung
742 2240 147 26 Albrechts
915 2247 26 15 v.
962 2236 195 29 Halberstadt,
1184 2233 93 26 Berlin
1302 2232 75 28 1908.
1403 2230 62 23 Von
1490 2233 118 19 neueren

231 2283 117 25 Studien
362 2281 54 32 vgl.
437 2281 55 24 bes.
508 2281 103 23 Arturo
627 2278 76 28 Graf,
721 2278 90 23 Roma
829 2275 72 25 nella
916 2273 133 26 memoria
1066 2292 4 3 .
1085 2291 4 4 .
1105 2291 4 3 .
1125 2271 44 24 del
1184 2269 91 25 medio
1288 2274 61 21 evo,
1364 2265 101 24 Torino
1478 2262 73 32 1883,
1568 2262 39 27 II,

229 2318 102 31 29öff.;
366 2316 151 33 Sedlmayr,
536 2314 128 31 Beiträge
688 2323 23 14 z.
732 2313 97 24 Gesch.
854 2312 28 22 d.
903 2308 186 26 Ovidstudien
1112 2307 39 23 im
1171 2302 172 31 Mittelalter,
1364 2300 110 24 Wiener
1494 2296 116 26 Studien

230 2355 50 27 VI,
308 2352 74 31 1884,
410 2352 98 30 I42ff.;
534 2351 106 23 Gaston
657 2349 86 27 Paris,
760 2346 129 25 Chrötien
906 2344 134 32 Legouais
1056 2346 29 20 et
1101 2343 94 23 autres
1210 2336 175 28 traducteurs
1402 2342 34 17 ou
1453 2331 156 27 imitateurs

230 2388 130 30 d'Ovide,
383 2386 122 25 Histoire
525 2384 133 25 littcraire
679 2385 35 23 de
734 2384 27 23 la
782 2382 105 24 France
899 2380 109 28 XXIX,
1034 2379 75 31 1885,
1132 2375 100 33 455ff.;
1262 2375 30 22 L.
1317 2372 95 27 Sudre,
1436 2370 29 22 P.
1478 2369 51 23 Ov.
1543 2368 65 23 Nas.

231 2426 67 24 Met.
317 2423 87 25 libros
422 2422 139 32 quomodo
579 2421 139 23 nostrates
737 2427 36 16 m.
794 2417 62 24 aevi
874 2417 100 31 poetae
991 2414 105 24 imitati
1113 2407 233 37 interpretatique
1363 2407 65 26 sint,
1449 2404 72 23 Diss.
1533 2403 78 22 Paris

234 2461 79 31 1893;
330 2459 96 25 Herrn.
443 2458 100 30 Unger,
560 2457 41 22 De
616 2454 138 25 Ovidiana
768 2455 29 22 in
810 2451 170 27 carminibus
995 2449 118 25 Buranis
1127 2454 71 25 quae
1213 2442 129 28 dicuntur
1356 2439 165 30 imitatione,
1538 2437 70 24 Diss.

231 2496 90 24 Berol.
335 2500 79 27 1914;
428 2494 31 24 O.
474 2493 121 30 Gruppe,
609 2490 98 25 Gesch.
718 2490 26 23 d.
755 2490 82 22 klass.
848 2486 171 34 Mythologie
1027 2494 27 15 u.
1067 2480 229 35 Religionsgesch.
1308 2475 129 27 während
1450 2475 47 22 des
1508 2471 91 26 Mittel­

232 2532 85 24 alters
342 2530 41 31 (=
400 2524 257 36 Supplementband
681 2533 34 16 zu
741 2524 135 25 Roschers
899 2520 146 33 Lexikon),
1070 2517 112 33 Leipzig
1195 2522 75 23 1921,
1297 2513 81 28 iöff.;
1405 2510 80 24 Giov.
1511 2508 99 28 Pansa,

233 2567 102 25 Ovidio
348 2564 45 26 nel
408 2563 143 25 medioevo
565 2570 14 15 e
593 2560 72 25 nella
677 2559 154 25 tradizione
844 2557 139 33 popolare,
1001 2556 132 24 Sulmona
1149 2558 77 25 1924;
1243 2550 68 23 Paul
1325 2545 152 30 Lehmann,
1493 2543 118 25 Pseudo-

288 2612 91 21 Studien
390 2613 41 19 der
444 2611 124 20 Bibliothek
580 2609 114 25 Warburg,
708 2615 34 17 23.
749 2608 64 19 Heft:
827 2604 123 23 Stechow
1388 2598 12 16 I
