2464 3159
206 381 133 28 Maratta;
354 378 157 32 Nachfolger

1540 367 41 31 39

206 442 101 36 lohnt,
327 442 70 29 weil
414 442 44 28 sie
477 440 101 39 wenig
595 437 185 41 Originelles
797 435 134 30 enthält.
935 434 12 17 1
950 433 8 38 )
988 435 59 27 Die
1065 432 113 29 immer
1196 430 273 31 wiederkehrende
1488 430 96 38 Figur

206 487 116 30 Amors
337 484 237 32 dokumentiert
591 482 64 30 fast
672 482 80 27 stets
768 480 51 28 die
835 476 236 39 Abhängigkeit
1088 485 63 19 von
1168 473 118 33 diesem
1305 475 115 38 Strang
1434 475 55 28 der
1505 474 64 29 Ent­

208 529 169 40 wicklung,
394 530 82 28 auch
492 528 50 29 die
558 525 146 39 Najaden
720 522 108 32 finden
845 522 66 28 sich
929 520 150 30 meistens
1094 520 60 28 ein.
1172 517 157 31 Zuweilen
1344 519 68 37 gibt
1429 528 32 18 es
1477 517 95 30 natür­

207 574 63 28 lich
287 573 81 30 auch
385 569 268 40 Vermischungen
669 567 59 29 mit
745 565 141 31 Motiven
902 564 133 29 anderer
1052 562 204 36 Provenienz,
1273 572 27 19 z.
1315 563 36 27 B.
1368 562 32 28 in
1416 562 73 27 dem
1504 560 81 29 oben

208 616 216 31 behandelten
442 613 262 40 Aquatintablatt
723 610 84 30 nach
827 609 147 30 Boucher
996 607 94 38 (Abb.
1104 606 63 38 36),
1187 605 33 28 in
1239 606 75 29 dem
1332 606 99 28 Amor
1450 605 66 28 und
1535 604 51 28 die

209 661 148 39 Najaden
384 661 105 28 hinter
515 659 56 28 der
594 665 63 20 von
679 654 133 40 Cignani
837 651 224 40 hergeleiteten
1084 649 236 40 Hauptgruppe
1347 658 80 28 ganz
1455 647 119 31 zurück­

209 707 115 33 treten,
344 704 75 29 oder
440 704 32 27 in
493 702 61 29 den
573 700 119 35 Fällen,
713 698 33 30 in
767 698 102 29 denen
890 696 66 29 sich
975 695 98 29 Amor
1095 704 39 18 zu
1156 693 54 29 der
1232 702 63 20 von
1319 692 153 29 Bernini
1494 692 78 38 abge­

210 749 129 30 leiteten
361 746 233 39 Hauptgruppe
613 743 109 38 gesellt
743 742 66 29 hat.
813 742 12 17 2
828 741 8 37 )

295 837 24 30 1)
333 836 118 23 Hierher
470 833 119 31 gehören
610 840 26 15 u.
653 838 39 16 a.:
714 829 194 32 Zeichnungen
927 827 29 24 in
971 827 79 22 Wien
1067 833 56 15 von
1138 823 149 33 Mignard
1306 824 82 29 (Abb.
1401 824 46 28 48;
1463 823 45 22 ein
1524 822 64 23 Bild

214 873 48 23 des
279 871 117 24 Themas
413 868 143 25 vermacht
573 866 126 31 Mignard
715 865 29 23 in
761 864 103 25 seinem
881 863 161 23 Testament
1058 868 57 17 von
1134 860 65 29 1695
1218 857 105 26 seinem
1342 859 75 23 Sohn
1435 857 153 31 Rodolphe,

213 908 54 29 vgl.
284 907 95 22 Revue
393 906 33 22 de
438 904 66 24 l’art
518 902 119 31 frangais
650 900 98 25 ancien
761 902 28 22 et
802 900 139 27 moderne,
957 897 51 27 IX,
1026 897 75 28 1892,
1117 895 59 31 246,
1191 894 72 25 auch
1277 901 51 24 249
1343 902 26 14 u.
1385 893 60 31 252)
1462 892 56 23 und
1533 899 56 15 von

212 942 64 23 dem
294 937 230 28 Marattaschüler
543 936 138 33 Giuseppe
700 934 128 26 Passeri
849 933 120 30 (Beschr.
988 933 66 22 Kat.
1071 931 54 26 III,
1149 936 75 24 1932,
1244 929 48 25 Nr.
1312 930 69 29 798),
1401 936 56 15 von
1477 927 113 23 Stefano

213 977 104 24 Pozzo
341 977 29 22 in
396 973 169 28 Düsseldorf,
593 972 65 24 Kat.
680 978 66 23 1930
771 971 48 23 Nr.
839 976 49 23 552
917 968 61 30 (mit
1003 966 94 31 Abb.),
1122 972 56 18 von
1204 965 30 23 L.
1261 965 37 23 de
1327 963 182 31 Boullogne
1535 961 56 23 fils

215 1012 127 32 (Louvre,
364 1011 61 23 Inv.
447 1010 48 23 des
522 1008 106 24 dessins
645 1007 38 26 II,
708 1006 76 32 1466)
814 1005 57 24 und
892 1003 100 24 Michel
1012 1000 162 26 Corneille
1186 1001 28 22 II
1244 999 73 32 (ebd.
1333 1000 54 26 III,
1408 1003 182 25 2325—2327,

214 1047 53 23 alle
293 1046 71 24 ohne
388 1044 211 31 Verwandlung,
624 1043 66 24 2681
717 1049 56 17 von
797 1041 115 23 anderer
936 1039 108 30 Hand);
1069 1037 50 23 das
1145 1035 66 32 1728
1236 1033 185 27 entstandene
1446 1033 63 23 Bild
1537 1039 55 16 von

218 1083 25 30 J.
266 1082 46 24 Fr.
336 1082 107 31 Detroy
469 1081 30 23 in
525 1078 155 28 Sanssouci,
709 1077 51 24 mit
787 1076 60 24 vier
871 1075 159 31 Nymphen,
1059 1080 56 17 von
1141 1071 90 26 denen
1258 1071 62 23 eine
1346 1068 165 25 abwehrend
1539 1068 54 22 den

215 1118 68 23 Arm
308 1123 87 25 gegen
420 1116 100 31 Apollo
545 1114 98 24 erbebt
670 1113 82 30 (Abb.
779 1119 46 23 47;
853 1112 30 22 P.
905 1109 99 28 Seidel,
1031 1108 98 24 Franz.
1157 1103 186 30 Kunstwerke
1370 1124 4 4 .
1396 1123 5 5 .
1424 1123 4 4 .
1458 1104 49 23 Nr.
1530 1109 62 24 144;

216 1152 114 28 Dimier,
350 1153 52 23 Les
420 1151 122 31 peintres
560 1149 120 32 francjais
698 1149 37 23 du
756 1147 40 25 18.
816 1146 80 25 sitcle
915 1146 38 27 II,
975 1152 75 22 1930,
1073 1144 26 23 S.
1112 1145 42 28 36,
1174 1141 47 24 Nr.
1235 1141 57 32 34);
1312 1141 61 23 eine
1392 1139 95 24 zweite
1507 1139 73 23 Kom­

216 1188 123 32 position
353 1195 56 16 von
421 1188 32 22 L.
466 1185 160 26 Silvestre
645 1185 26 22 le
688 1183 88 33 Jeune
791 1182 91 31 (Stich
901 1188 56 16 von
970 1181 35 22 N.
1016 1179 125 24 Chateau
1157 1183 79 27 1707;
1251 1184 22 17 s.
1287 1176 125 30 dagegen
1431 1175 73 22 oben
1519 1174 27 22 S.
1560 1180 33 22 32

218 1225 81 22 Anm.
315 1224 36 27 1);
374 1223 78 24 Stich
463 1229 56 17 von
530 1221 135 31 Bacquoy
684 1218 72 24 nach
767 1219 29 22 C.
808 1217 145 28 Monnet;
972 1216 49 22 das
1034 1212 205 28 Deckenfresko
1250 1218 57 18 von
1320 1211 93 23 Pietro
1425 1208 169 31 Angeletti

220 1259 106 32 (zweite
345 1259 97 23 Hälfte
460 1258 48 23 des
528 1257 39 24 18.
583 1253 213 35 Jahrhunderts)
815 1254 39 22 im
873 1251 178 32 Daphnesaal
1068 1250 49 22 der
1133 1248 73 24 Villa
1225 1246 150 32 Borghese;
1395 1245 44 24 ein
1457 1244 63 23 Bild
1539 1251 55 15 von

220 1295 140 31 Giuseppe
371 1293 110 25 Chiari
492 1293 30 23 in
533 1293 49 22 der
595 1291 109 24 Galerie
717 1289 94 32 Spada
821 1289 30 23 in
864 1289 72 21 Rom
949 1286 78 31 (freie
1039 1285 91 31 Kopie
1141 1284 39 23 im
1194 1280 158 34 Gegensinn
1363 1281 73 23 nach
1446 1279 148 30 Maratta);

219 1338 56 15 von
286 1330 54 23 den
350 1327 169 26 französisch
529 1326 190 24 beeinflußten
731 1322 170 25 Holländern
912 1322 54 30 gab
976 1320 110 24 Willem
1097 1326 55 17 van
1163 1317 110 28 Mieris
1283 1318 62 23 eine
1356 1316 91 24 solche
1458 1315 136 29 Fassung;

221 1366 36 22 H.
277 1365 35 23 de
332 1364 86 24 Groot
436 1364 48 22 Nr.
497 1364 33 30 46
550 1359 252 34 (Pommersfelden,
822 1359 57 23 dat.
895 1357 87 31 1706).

301 1399 26 31 2)
350 1401 37 22 So
404 1399 30 22 in
452 1399 119 23 Pesnes
589 1396 64 24 Bild
667 1402 56 17 von
739 1401 68 24 1739
820 1393 40 24 im
873 1392 98 24 Neuen
985 1390 92 24 Palais
1090 1390 29 22 in
1134 1387 133 28 Potsdam
1283 1388 83 30 (Abb.
1379 1386 58 30 49);
1453 1386 29 22 P.
1497 1384 99 27 Seidel,

222 1435 132 24 Gemälde
369 1433 69 25 alter
452 1433 113 24 Meister
579 1432 37 23 im
633 1430 91 24 Besitz
742 1430 26 22 S.
780 1430 36 23 M.
829 1429 48 23 des
893 1426 119 28 Kaisers,
1034 1425 92 24 Berlin
1142 1422 88 35 (1906)
1250 1424 26 24 S.
1291 1423 61 26 188;
1370 1421 104 24 Dimier
1489 1428 23 15 a.
1525 1426 24 16 a.
1562 1419 32 23 O.

220 1471 38 26 II,
273 1470 26 24 S.
312 1471 59 29 308,
398 1469 47 23 Nr.
458 1477 41 21 29.
