2464 3159
461 775 37 35 4.
519 761 377 39 MANIERISMUS
923 762 113 35 UND
1064 760 231 39 BAROCK:

188 830 94 35 DIE
310 822 521 49 „TRANSITORISCHE”
861 823 214 36 GRUPPE
1104 823 57 34 IN
1188 822 111 36 DER
1326 822 238 38 MALEREI

266 917 44 27 Es
325 915 107 29 wurde
448 914 116 29 soeben
580 912 198 40 ausgeführt,
796 912 63 28 daß
874 911 32 28 in
922 911 61 29 den
998 909 118 30 letzten
1133 909 244 40 Darstellungen
1393 910 55 28 der
1469 910 83 38 Quat­

184 957 325 33 trocento-Tradition
545 957 50 28 die
626 954 325 42 Zusammenfassung
985 955 55 28 der
1071 954 114 29 vorher
1214 955 188 37 getrennten
1435 953 132 39 Stränge

187 1002 236 40 „Verfolgung”
443 1002 67 29 und
530 998 276 42 „Verwandlung“
826 1000 33 28 in
878 999 132 38 doppelt
1029 996 255 32 transitorischer
1306 996 198 41 Gestaltung,
1524 998 45 28 im

187 1048 267 30 dramatischsten
471 1046 152 34 Moment,
642 1044 67 30 und
724 1044 103 29 damit
843 1044 51 28 die
913 1042 183 40 Grundlage
1111 1040 194 31 namentlich
1323 1042 50 29 für
1390 1042 58 28 alle
1465 1043 89 36 späte­

186 1103 55 20 ren
262 1090 259 40 „bildmäßigen“
542 1088 284 41 Formulierungen
845 1087 133 30 erreicht
999 1097 74 19 war.
1095 1086 44 29 Es
1157 1086 42 28 ist
1219 1084 76 31 aber
1315 1084 253 37 unverkennbar,

188 1137 63 29 daß
268 1138 33 27 in
317 1136 122 29 diesem
453 1135 167 38 Ergebnis,
638 1133 81 30 eben
736 1142 76 20 vom
830 1131 208 39 Standpunkt
1054 1130 151 30 formaler
1223 1128 273 32 Geschlossenheit
1514 1137 57 21 aus

188 1182 145 38 gesehen,
352 1180 81 28 doch
450 1179 82 29 noch
548 1179 68 28 eine
634 1177 129 40 gewisse
781 1176 250 39 Beschränkung
1047 1175 60 38 lag,
1125 1174 50 29 die
1192 1173 114 40 gerade
1322 1173 90 39 jetzt,
1430 1183 56 19 zur
1502 1172 68 29 Zeit

189 1226 55 29 der
260 1223 300 36 Hochrenaissance,
580 1221 91 30 stark
688 1221 47 29 als
753 1221 104 29 solche
875 1220 195 38 empfunden
1089 1219 125 28 werden
1230 1217 120 36 mußte,
1370 1217 65 29 und
1449 1217 50 28 die
1514 1216 57 29 das

189 1270 123 29 Thema
334 1269 100 29 selbst
456 1269 34 27 in
514 1268 56 27 der
592 1265 181 40 bisherigen
791 1264 250 38 Interpretation
1065 1263 56 29 der
1143 1260 251 32 künstlerischen
1411 1261 162 37 Formung

190 1313 183 30 zubrachte.
392 1312 195 37 Verfolgung
603 1310 69 29 und
689 1309 115 30 Flucht
822 1309 72 28 sind
911 1308 118 29 formal
1044 1307 145 38 einseitig
1205 1306 165 39 gerichtet,
1389 1306 67 27 und
1472 1304 99 30 selbst

191 1358 50 30 die
258 1356 234 38 Verwandlung
508 1355 77 28 hebt
604 1353 85 31 diese
709 1353 163 38 Richtung
887 1352 50 29 ins
955 1352 94 28 Leere
1067 1361 61 19 nur
1145 1348 259 32 unvollkommen
1421 1349 65 29 auf.
1505 1349 66 28 Das

188 1402 43 29 ist
252 1402 55 28 der
330 1400 112 30 Grund
462 1400 104 33 dafür,
588 1397 65 30 daß
673 1397 82 30 auch
776 1397 50 29 die
846 1395 318 30 nicht-illustrativen
1184 1393 244 39 Darstellungen
1448 1393 49 29 bis
1516 1401 56 20 um

192 1453 79 30 1520
296 1445 97 29 leicht
420 1446 100 26 etwas
548 1440 286 41 Ungeschlossenes
861 1440 159 29 behielten
1048 1439 67 29 und
1142 1439 63 27 daß
1233 1438 206 28 Ausnahmen
1466 1437 106 28 davon

190 1490 100 29 durch
311 1489 172 29 besondere
506 1485 146 39 Neigung
673 1495 38 19 zu
733 1484 216 39 skulpturaler
972 1482 201 39 Konzeption
1195 1481 176 39 begründet
1392 1480 180 29 erschienen

191 1534 93 38 (Abb.
301 1533 49 38 17)
376 1533 76 27 oder
474 1528 342 33 bezeichnenderweise
840 1529 58 28 das
921 1528 121 28 Thema
1064 1527 33 28 in
1121 1525 123 30 kühner
1267 1526 101 28 Weise
1391 1523 182 30 umdenken

189 1578 135 30 mußten
345 1576 94 38 (Abb.
454 1575 61 39 23).
536 1576 68 28 Das
623 1572 282 33 Farnesinafresko
923 1572 76 30 aber
1020 1570 94 39 (Abb.
1129 1570 50 37 20)
1199 1569 118 30 schafft
1336 1569 67 29 sich
1422 1579 76 24 nun,
1517 1567 42 30 ob­

188 1623 102 38 gleich
313 1621 33 29 in
370 1620 164 38 gewissem
561 1619 95 29 Sinne
681 1619 82 29 auch
786 1617 185 36 illustrativ,
996 1616 69 28 eine
1092 1612 332 41 Gegenbewegung
1447 1614 51 27 für
1522 1612 50 29 die

190 1664 333 41 Verfolgungsgruppe
544 1681 41 3 —
603 1664 33 28 in
658 1663 74 29 dem
751 1672 81 20 vorn
851 1660 173 39 lagernden
1046 1658 152 39 Flußgott
1221 1657 141 36 Peneios,
1385 1658 72 27 dem
1477 1656 97 29 Vater

190 1712 56 29 der
257 1710 147 38 Daphne.
418 1708 76 30 Und
505 1708 103 28 damit
619 1707 54 35 ist,
686 1717 67 19 aus
765 1707 98 29 Ovid
868 1706 11 17 1
882 1707 22 36 ),
916 1705 52 29 ein
981 1703 153 30 Gedanke
1146 1701 246 40 aufgenommen
1402 1719 41 2 —
1452 1699 121 30 freilich

191 1756 82 29 noch
294 1755 32 28 in
347 1753 237 38 einigermaßen
606 1752 121 30 blasser
748 1750 196 38 Andeutung
965 1766 49 17 —,
1037 1747 56 29 der
1114 1756 64 19 von
1199 1755 65 21 nun
1286 1756 41 19 an
1349 1745 50 29 die
1422 1743 152 30 Künstler

190 1800 89 29 nicht
294 1798 89 29 mehr
395 1797 120 29 losließ.
532 1797 57 28 Mit
603 1796 75 30 dem
691 1794 208 39 Augenblick,
914 1803 48 20 wo
975 1793 51 28 für
1040 1791 49 30 die
1103 1790 148 30 bildende
1266 1791 107 28 Kunst
1387 1788 55 30 der
1455 1787 121 38 Begriff

190 1844 57 29 der
280 1845 196 27 autonomen
511 1839 273 41 „Komposition“
817 1836 246 32 entscheidende
1098 1834 192 39 Bedeutung
1322 1832 152 40 erlangte,
1508 1831 67 29 also

191 1888 113 38 gerade
318 1887 80 38 jetzt
412 1896 56 19 um
483 1892 88 31 1520,
586 1894 66 19 war
664 1884 68 29 hier
745 1884 51 29 ein
811 1883 104 29 Mittel
930 1882 90 29 mehr
1033 1879 170 39 gefunden,
1218 1878 78 30 über
1310 1878 56 29 das
1382 1875 193 30 Illustrative

192 1932 114 29 hinaus
318 1932 66 28 und
396 1931 81 29 doch
489 1930 32 29 in
535 1922 319 45 Übereinstimmung
866 1928 59 27 mit
938 1925 74 30 dem
1026 1924 76 29 Sinn
1114 1924 55 28 der
1181 1922 98 30 Fabel
1290 1922 66 29 und
1368 1921 54 29 der
1435 1920 142 37 Fassung

192 1976 109 35 Ovids,
321 1975 50 30 die
393 1984 99 29 ganze
509 1973 206 38 Darstellung
737 1982 56 19 zur
816 1972 119 28 allseits
956 1967 301 41 festgeschlossenen
1276 1964 140 39 Gruppe,
1432 1974 56 19 zur
1511 1964 52 28 kla­

192 2030 89 20 reren
304 2018 269 40 „Komposition“
595 2016 327 39 zusammenzufügen
944 2031 41 4 —
1003 2014 81 28 eben
1107 2012 59 28 mit
1190 2010 85 31 Hilfe
1297 2011 56 27 der
1376 2008 125 30 Gestalt
1522 2008 55 28 des

195 2065 112 29 Vaters
329 2065 141 34 Peneios,
492 2062 55 29 der
567 2063 51 28 die
640 2060 184 31 flüchtende
845 2058 136 31 Tochter
1001 2067 40 19 zu
1062 2057 66 29 sich
1149 2053 181 32 aufnimmt.
1335 2054 12 17 2
1349 2054 9 37 )
1381 2052 74 30 War
1475 2051 102 29 damit

194 2109 68 29 eine
280 2109 135 34 weitere,
433 2107 68 30 eine
519 2107 98 29 dritte
637 2104 185 40 Forderung
839 2105 52 27 für
908 2102 58 31 das
984 2101 149 29 Problem
1149 2101 54 28 des
1221 2095 272 33 Transitorischen
1510 2095 69 29 auf-

280 2206 23 29 1)
321 2204 80 24 Siehe
421 2204 110 23 Exkurs
542 2204 22 22 I.

279 2241 25 29 2)
320 2240 96 23 Dieser
434 2239 132 23 Gedanke
580 2239 38 22 ist
634 2237 30 24 in
679 2237 49 23 der
744 2237 116 23 antiken
878 2234 93 24 Kunst
987 2240 52 16 nur
1054 2232 88 24 selten
1158 2229 180 33 vorgebildet,
1356 2236 30 16 so
1402 2228 28 22 in
1446 2227 62 22 dem
1525 2232 54 16 von

197 2277 33 22 V.
243 2276 99 23 Müller
360 2282 24 15 a.
397 2282 24 15 a.
434 2275 33 23 O.
487 2274 71 24 Abb.
572 2281 14 22 5
607 2273 57 23 und
684 2272 60 24 Tat.
759 2272 78 31 12/13
856 2268 260 33 wiedergegebenen
1134 2265 208 26 südrussischen
1363 2262 154 32 Glasgefäß,
1538 2267 42 16 wo

198 2312 120 30 Daphne
333 2310 103 23 bereits
451 2309 136 24 zwischen
603 2308 101 31 Apollo
719 2309 58 22 und
785 2308 86 23 Amor
882 2303 114 33 (mSfloc;)
1014 2305 49 22 auf
1077 2304 50 23 der
1141 2302 90 26 einen,
1248 2301 64 23 dem
1322 2299 99 31 gemäß
1436 2298 48 22 der
1500 2296 67 23 arka­

198 2347 115 23 dischen
327 2345 144 24 Tradition
485 2343 194 25 ausdrücklich
688 2340 103 27 AäStov
806 2342 159 30 genannten
974 2340 86 22 Vater
1074 2338 48 24 auf
1136 2337 48 24 der
1198 2335 120 25 anderen
1335 2333 73 25 Seite
1422 2331 159 31 dargestellt

196 2383 46 22 ist.
261 2382 56 23 Auf
333 2380 91 24 einem
439 2379 244 24 Titelholzschnitt
699 2385 48 17 zur
765 2375 221 34 „Compendiosa
1003 2376 51 22 Ars
1071 2372 116 25 Metrica
1204 2379 16 15 a
1238 2369 170 31 Hieronymo
1425 2368 90 22 Mutio
1530 2366 52 23 Ca-

198 2417 112 27 merti",
327 2415 146 25 Camerino
491 2422 67 23 1524
576 2412 223 33 (Versteigerung
816 2414 42 22 De
874 2411 115 24 Marinis
1004 2409 124 24 Mailand
1144 2407 56 23 Mai
1220 2412 74 24 1925,
1313 2406 38 26 II,
1370 2404 47 23 Nr.
1430 2410 59 22 273,
1507 2402 71 22 Abb.

200 2454 27 22 S.
239 2454 45 28 96)
298 2453 39 22 ist
348 2452 30 22 in
390 2458 71 23 ganz
473 2450 152 30 singulärer
637 2449 92 24 Weise
741 2449 64 23 dem
817 2446 199 31 verfolgenden
1028 2444 101 31 Apollo
1140 2442 49 23 auf
1201 2441 48 24 der
1262 2439 121 25 anderen
1398 2438 73 23 Seite
1486 2436 95 24 Amor

199 2487 232 31 gleichgeordnet,
444 2487 48 22 der
502 2485 59 22 sich
571 2484 136 24 höhnisch
717 2483 220 32 triumphierend
949 2481 70 23 auch
1031 2481 48 22 der
1089 2479 30 22 in
1129 2478 48 23 der
1188 2476 81 24 Mitte
1280 2473 173 25 wurzelnden
1464 2471 118 31 Daphne

200 2522 188 25 zuzuwenden
410 2521 116 23 scheint.
551 2521 39 22 Zu
613 2519 130 25 weiteren
766 2519 111 24 ähnlich
900 2516 176 25 dekorativ
1099 2511 203 33 umgedachten
1326 2506 211 33 Darstellungen
1559 2513 21 15 s.

201 2561 89 21 unten
303 2558 73 31 Kap.
389 2559 25 21 6.
