2409 3159
847 353 41 31 68

2106 354 119 25 Exkurse

847 424 87 27 illam
954 423 111 27 dilexit
1085 420 164 39 specialius
1269 423 31 25 et
1321 422 36 25 ut
1378 419 176 38 praefertur
1575 418 186 38 propensius
1781 417 178 28 honoravit.
1981 435 40 2 —
2041 418 33 27 F.
2089 417 47 28 W.
2152 417 74 28 Hall

848 468 46 27 in:
927 466 147 28 Classical
1097 464 169 38 Quarterly
1279 463 82 27 XXI
1384 462 112 38 (1927),
1517 472 30 27 p.
1567 462 115 36 I5iff.;
1707 461 35 28 V.
1759 461 40 28 H.
1817 460 166 29 Galbraith
2014 461 47 27 in:
2095 459 131 39 English

848 509 160 29 historical
1029 508 113 29 review
1166 507 121 29 XLVII
1314 506 112 37 (1932),
1450 515 30 27 p.
1494 513 37 29 25
1545 516 29 18 n.
1590 514 27 21 2.

925 560 40 27 H.
984 558 163 38 Ungefähr
1163 567 54 19 zur
1238 556 144 38 gleichen
1397 556 67 28 Zeit
1483 558 103 37 (unter
1602 554 153 32 Heinrich
1771 554 67 38 IV.)
1855 554 123 28 schrieb
1995 554 98 38 John
2115 554 111 38 Segu-

847 603 109 34 arde,
975 601 226 31 Schulmeister
1217 600 35 28 in
1266 600 160 33 Norwich,
1442 600 199 38 Argumenta
1654 599 34 30 in
1703 598 106 29 Ovidii
1824 597 293 38 metamorphoseos
2133 597 94 41 (Inc.:

849 646 107 29 Prima
970 645 109 30 fabula
1095 645 95 37 primi
1210 644 73 28 libri
1298 644 110 38 incipit
1424 644 55 33 sic,
1495 643 128 38 Aurea),
1640 642 50 30 die
1707 643 58 28 mit
1785 642 140 28 anderen
1935 642 136 28 Werken
2085 642 55 28 des
2154 641 61 38 glei­

849 689 81 30 chen
939 690 177 29 Verfassers
1130 689 33 28 in
1174 688 132 34 Oxford,
1320 688 124 28 Merton
1455 688 58 28 Ms.
1525 689 40 27 H.
1575 697 58 27 3.1
1647 687 95 39 (Coxe
1753 686 68 39 299)
1835 685 47 29 Bl.
1894 694 59 28 240
1955 690 12 13 r
1967 693 100 29 —272
2069 689 16 15 v
2099 686 55 28 auf
2169 694 59 19 uns

847 735 192 37 gekommen
1052 732 79 28 sind.
1145 732 69 38 Vgl.
1227 732 83 29 Coxe
1321 733 25 32 I,
1364 742 30 27 p.
1408 732 109 38 n8sq.
1531 732 65 28 und
1608 732 36 28 F.
1655 730 41 29 M.
1706 729 157 35 Powicke,
1876 729 65 28 The
1958 729 157 29 medieval
2129 728 100 30 books

852 779 32 26 of
900 778 126 28 Merton
1041 776 133 37 College,
1192 776 122 29 Oxford
1334 784 86 29 1931,
1437 785 54 27 pp.
1505 783 50 30 34.
1570 784 70 20 212.

1021 918 59 27 III.
1106 918 74 27 DIE
1201 916 344 31 DAPHNEBILDER
1564 917 87 27 VON
1675 914 121 30 LUINI
1820 913 91 30 UND
1932 914 123 30 DOSSI

932 987 50 28 Sie
1008 987 125 29 werden
1158 987 68 28 hier
1249 987 170 36 gesondert
1445 985 183 34 behandelt,
1662 985 41 28 da
1728 985 44 27 sie
1797 984 264 39 ikonographisch
2087 995 57 19 aus
2169 985 61 28 den

848 1031 45 28 im
910 1031 81 28 Text
1011 1031 178 37 verfolgten
1207 1029 332 37 Darstellungsreihen
1558 1028 223 30 herausfallen.

929 1079 109 28 Luini
1061 1079 95 37 (Abb.
1169 1078 51 37 65)
1241 1078 70 36 gibt
1331 1078 34 27 in
1384 1077 123 28 seinem
1526 1075 282 39 Freskofragment
1828 1085 59 19 aus
1906 1075 57 29 der
1982 1076 86 28 Villa
2088 1076 143 35 Pelucca,

849 1122 97 28 heute
970 1123 33 27 in
1027 1122 56 28 der
1108 1122 107 33 Brera,
1240 1122 33 27 in
1297 1121 162 36 hügeliger
1484 1120 196 29 Landschaft
1704 1119 51 28 ein
1779 1119 227 37 idyllenhaftes
2030 1120 189 29 Zusammen­

849 1166 67 28 sein
932 1175 64 19 von
1011 1166 68 28 drei
1095 1165 150 38 Figuren:
1261 1165 85 27 links
1361 1165 70 27 eine
1446 1164 116 28 nackte
1577 1164 97 38 junge
1691 1163 92 33 Frau,
1800 1163 97 28 deren
1913 1164 98 27 Beine
2027 1164 65 28 und
2109 1163 109 39 Haupt­

849 1210 79 27 haar
943 1210 33 27 in
992 1209 92 29 einen
1102 1209 225 28 Baumstamm
1343 1208 190 37 übergehen,
1551 1208 33 29 in
1601 1208 57 28 der
1674 1207 93 28 Mitte
1783 1207 51 28 ein
1852 1207 58 28 mit
1927 1207 74 28 dem
2017 1206 217 40 Unterkörper

850 1254 45 27 im
906 1253 126 29 Wasser
1044 1252 170 29 stehender
1226 1253 133 27 nackter
1374 1252 99 33 Greis,
1488 1252 105 29 rechts
1605 1251 52 29 ein
1670 1250 232 30 nachdenklich
1914 1251 173 37 gelagerter
2099 1251 135 39 lockiger

853 1297 152 37 Jüngling
1019 1297 33 28 in
1065 1296 179 29 einfachem
1261 1296 149 32 Gewand,
1427 1295 74 28 dem
1514 1295 51 28 die
1580 1294 115 30 beiden
1710 1295 138 28 anderen
1864 1295 58 27 mit
1936 1295 164 28 lebhaften
2117 1294 117 31 Gesten

849 1341 236 37 zuzusprechen
1105 1340 159 29 scheinen.
1285 1340 68 28 Aus
1372 1340 74 27 dem
1465 1339 277 38 Zusammenhang
1762 1338 56 28 der
1840 1339 320 29 Gesamtdekoration
2180 1339 55 28 der

849 1385 85 28 Villa
956 1385 102 36 ergibt
1081 1385 67 28 sich
1171 1384 51 29 für
1244 1384 50 28 die
1318 1384 152 36 Deutung
1492 1383 57 28 der
1574 1383 98 30 Szene
1695 1382 119 29 nichts:
1838 1392 33 18 er
1892 1383 42 27 ist
1957 1382 98 29 selbst
2079 1382 143 30 ziemlich

850 1429 129 28 dunkel.
984 1429 11 16 1
996 1429 10 36 )

930 1477 75 28 Man
1017 1476 100 29 denkt
1130 1476 161 29 natürlich
1303 1485 41 19 an
1356 1476 125 37 Apollo,
1496 1476 132 29 Peneios
1641 1475 66 29 und
1720 1475 136 37 Daphne
1873 1492 35 2 —
1919 1475 77 28 aber
2007 1475 116 28 welche
2138 1475 97 29 Szene

850 1520 86 28 kann
957 1521 140 37 gemeint
1119 1520 89 29 sein?
1233 1520 71 28 Von
1325 1520 104 28 einem
1453 1519 162 39 Gespräch
1637 1519 81 29 nach
1741 1519 57 28 der
1820 1518 234 38 Verwandlung
2074 1520 86 28 steht
2183 1519 52 28 bei

851 1563 85 31 Ovid
949 1564 116 34 nichts,
1081 1563 176 30 außerdem
1269 1573 66 20 war
1348 1564 34 37 ja
1396 1564 136 38 Daphne
1546 1573 81 29 ganz
1642 1572 75 21 zum
1731 1563 104 29 Baum
1848 1563 181 37 geworden;
2045 1563 74 29 dem
2136 1563 86 39 Jüng­

849 1609 66 37 ling
936 1609 79 28 fehlt
1038 1608 89 38 jedes
1148 1608 147 29 Attribut
1317 1608 146 39 Apollos:
1487 1609 117 37 Bogen,
1630 1608 136 34 Köcher,
1791 1608 99 32 Leier,
1915 1607 145 34 Nimbus,
2085 1607 150 35 Lorbeer;

851 1653 82 28 auch
953 1653 56 29 der
1029 1652 255 38 Daphne-Baum
1302 1652 42 28 ist
1365 1652 88 30 nicht
1474 1653 47 28 als
1542 1653 139 28 Lorbeer
1700 1650 277 39 gekennzeichnet.

931 1701 58 28 Mit
1015 1701 138 28 Reserve
1176 1700 45 29 sei
1243 1700 57 28 der
1324 1700 173 38 Vorschlag
1518 1701 160 37 gemacht,
1703 1700 51 29 die
1778 1700 205 36 Darstellung
2005 1700 45 28 im
2073 1699 163 31 Anschluß

851 1754 40 18 an
910 1745 51 28 ein
978 1745 183 37 idyllisches
1182 1744 135 29 Gedicht
1336 1745 55 27 des
1411 1744 165 29 Lorenzo
1595 1744 54 29 de’
1670 1744 134 29 Medici
1823 1753 39 20 zu
1881 1743 127 34 deuten,
2034 1744 33 28 in
2093 1744 73 28 dem
2190 1753 34 20 er­

850 1788 87 28 zählt
956 1789 87 34 wird,
1063 1789 59 28 wie
1141 1788 114 37 Apollo
1274 1789 82 27 nach
1373 1788 104 29 seiner
1493 1788 209 38 zeitweiligen
1721 1788 214 36 Verbannung
1953 1797 56 18 aus
2029 1788 72 28 dem
2120 1786 118 40 Olymp)

850 1832 67 28 sich
941 1832 33 28 in
999 1833 51 28 die
1075 1832 201 29 Einsamkeit
1302 1832 55 28 des
1382 1832 182 38 Tempetals
1589 1831 206 30 zurückzieht
1820 1832 66 27 und
1911 1832 72 27 dort
2008 1832 46 28 als
2078 1830 160 32 einfacher

852 1876 74 28 Hirt
946 1876 67 29 lebt
1038 1876 152 38 (Lorenzo
1211 1875 49 29 de’
1282 1876 123 34 Medici,
1429 1877 111 37 Opere,
1563 1876 130 29 Firenze
1717 1876 86 35 1825,
1826 1876 43 33 II,
1894 1883 47 29 92,
1965 1875 166 38 „Capitolo
2153 1874 82 31 IV“:

851 1920 114 37 Apollo
982 1929 16 19 e
1018 1920 94 38 Pan):

1174 1980 72 31 Cosi
1261 1981 85 29 fatto
1360 1985 112 35 pastor
1487 1992 35 18 or
1537 1985 106 31 canta,
1660 1991 36 19 or
1709 1990 116 24 suona;

1174 2025 44 29 Or
1233 2026 94 28 ambe
1341 2026 29 28 le
1385 2025 145 30 dolcezze
1544 2026 135 29 insieme
1694 2025 150 37 aggiunse

1176 2069 95 29 Talor
1285 2079 59 19 con
1360 2070 114 33 Dafne,
1490 2080 36 18 or
1540 2080 59 19 con
1616 2070 104 29 Peneo
1734 2069 140 37 ragiona.

853 2148 90 28 Auch
965 2148 33 28 in
1014 2148 120 29 diesem
1149 2148 277 39 Zusammenhang
1441 2150 138 27 vermißt
1596 2159 76 18 man
1687 2148 52 29 bei
1754 2148 73 27 dem
1846 2148 151 37 Jüngling
2014 2148 97 33 Leier,
2130 2147 107 39 Bogen

853 2191 67 29 und
938 2192 151 35 Lorbeer;
1109 2193 78 28 aber
1204 2192 82 29 doch
1303 2192 42 29 ist
1364 2193 73 29 sehr
1454 2192 262 29 wahrscheinlich
1734 2191 51 28 die
1804 2191 151 37 Deutung
1973 2192 56 28 der
2050 2192 96 29 Szene
2165 2201 73 20 zum

853 2235 180 29 mindesten
1053 2236 32 28 in
1105 2236 57 29 der
1183 2236 121 38 Sphäre
1324 2236 104 28 dieser
1448 2237 126 37 Idyllen
1593 2247 40 18 zu
1652 2235 129 30 suchen.

934 2285 60 28 Die
1014 2284 182 38 Grundlage
1214 2285 56 28 der
1288 2285 206 37 Darstellung
1511 2286 130 28 Dossis
1662 2284 93 38 (Abb.
1770 2283 49 37 66)
1840 2284 127 28 möchte
1986 2293 75 19 man
2079 2283 158 31 natürlich

853 2328 45 28 im
914 2327 243 31 ferraresischen
1175 2328 217 30 Dichterkreis
1408 2328 134 34 suchen;
1560 2328 161 38 gefunden
1738 2327 41 28 ist
1798 2328 82 28 noch
1898 2328 113 34 nichts,
2030 2328 57 28 wie
2105 2328 32 37 ja
2154 2327 84 31 denn

937 2424 22 29 1)
980 2425 76 22 Luca
1073 2422 142 29 Beltrami,
1235 2424 31 22 B.
1280 2424 81 22 Luini
1378 2431 14 15 e
1409 2424 27 22 la
1454 2423 125 28 Pelucca,
1598 2425 83 23 Arch.
1694 2425 66 21 stör,
1773 2424 126 23 dell'arte
1918 2424 37 26 II,
1971 2431 22 19 1,
2015 2424 75 29 1895,
2109 2431 14 22 5
2131 2424 29 22 ff.
2181 2424 56 22 Das

854 2458 259 24 nächstverwandte
1136 2459 149 31 Fragment
1306 2459 106 23 erzählt
1432 2459 30 22 in
1483 2460 152 29 gleichfalls
1656 2459 198 31 eigentümlich
1874 2459 128 30 idyllisch
2023 2460 215 29 ausgestatteter

855 2493 83 23 Form
954 2494 44 23 die
1017 2495 107 22 Geburt
1141 2496 48 22 des
1205 2494 113 24 Adonis.
1336 2494 98 23 Leider
1449 2494 37 23 ist
1503 2496 159 30 überhaupt
1679 2494 92 24 nichts
1789 2494 203 23 Urkundliches
2008 2494 67 22 über
2092 2494 43 23 die
2152 2500 85 24 ganze

856 2528 173 24 Dekoration
1041 2529 50 23 auf
1103 2536 52 17 uns
1167 2530 175 30 gekommen.
