2409 3159
861 355 41 37 36
1414 361 376 25 Poussin-Maratta-Bellori:
1811 360 214 24 Klassizistische
2045 362 185 29 Komposition

857 424 113 28 erhebt
986 422 255 38 triumphierend
1258 423 79 28 über
1354 423 108 29 seinen
1483 423 71 38 Sieg
1572 423 61 29 den
1651 423 109 37 Bogen
1777 439 41 3 —
1834 422 51 28 ein
1903 424 106 26 zuerst
2026 424 205 36 gelegentlich

859 468 33 27 in
912 468 55 27 der
986 466 201 29 Illustration
1206 466 234 39 ausgebildetes
1460 467 102 29 Motiv
1567 467 12 16 1
1581 466 20 38 ),
1623 467 57 28 das
1699 467 32 27 in
1751 466 94 29 freier
1865 465 208 38 Umdeutung
2092 467 55 28 des
2166 467 67 28 ovi-

859 511 131 28 dischen
1006 510 116 29 Textes
1138 510 56 28 auf
1209 510 51 28 die
1277 510 163 29 Ursache
1458 511 55 27 der
1530 510 98 29 Fabel
1644 510 148 38 anspielt,
1810 508 152 30 während
1979 510 187 36 umgekehrt
2183 510 50 28 die

859 557 106 25 zuerst
982 554 45 27 im
1043 553 290 35 Farnesinafresko,
1351 554 78 28 aber
1445 556 65 26 erst
1528 563 63 19 von
1608 554 81 37 jetzt
1708 563 41 19 an
1766 553 147 38 häufiger
1931 552 222 29 auftretenden
2171 554 63 27 Na-

858 598 98 37 jaden
974 598 56 28 auf
1048 596 51 30 die
1118 597 51 28 bei
1187 597 85 28 Ovid
1290 599 127 36 später
1435 597 143 29 erzählte
1596 598 185 29 Teilnahme
1800 597 56 29 der
1874 595 246 30 nachbarlichen
2139 597 81 27 Fluß­

859 642 180 37 gottheiten
1054 640 184 30 hindeuten.
1255 641 43 28 Es
1311 641 43 28 ist
1370 641 103 28 damit
1489 640 245 35 offensichtlich,
1751 641 64 28 daß
1829 641 33 28 in
1878 640 101 29 dieser
1995 641 143 36 Fassung
2153 650 82 18 zwar

860 686 33 27 in
916 685 55 28 der
993 684 235 38 Hauptgruppe
1251 694 40 18 an
1315 684 55 29 der
1391 684 203 37 „lyrischen“
1617 684 212 39 Vereinigung
1851 683 199 30 sukzessiver
2072 684 164 28 Elemente

858 728 214 38 festgehalten
1096 728 79 27 wird
1198 745 40 2 —
1261 728 305 29 unverwandelte
1590 729 138 37 Daphne
1752 729 67 28 und
1842 728 83 29 doch
1950 727 286 37 Lorbeerkrönung

860 772 131 37 Apollos
1009 788 51 18 —,
1081 771 62 28 daß
1162 771 114 37 jedoch
1296 772 33 27 in
1349 771 56 29 der
1426 772 96 37 Figur
1542 773 114 28 Amors
1675 772 69 29 eine
1766 773 181 28 Korrektur
1968 772 55 28 des
2043 771 192 28 Münchener

862 816 107 28 Bildes
984 815 45 28 im
1047 815 95 28 Sinne
1158 814 86 29 einer
1261 815 374 38 Vereinheitlichung
1652 816 63 29 der
1731 816 80 28 Zeit
1836 816 63 28 des
1919 816 237 28 Geschehens
2180 824 41 18 an­

858 858 142 39 gestrebt
1026 859 88 33 wird,
1140 858 55 28 der
1220 859 82 28 auch
1328 858 56 29 das
1404 858 260 30 Vorhandensein
1690 860 55 28 der
1770 860 146 37 Najaden
1942 860 89 28 nicht
2065 858 170 39 eigentlich

862 902 228 38 widerspricht.

941 946 143 34 Poussin,
1101 945 111 28 dessen
1228 945 296 30 außerordentliche
1537 946 183 29 stilistische
1728 947 230 37 Vielseitigkeit
1975 947 151 28 während
2135 946 101 29 seiner

860 989 180 30 römischen
1058 989 69 28 Zeit
1145 989 114 27 immer
1277 989 114 29 wieder
1410 991 156 32 erstaunt,
1585 989 57 28 hat
1661 989 98 29 schon
1778 991 77 27 bald
1873 991 115 28 darauf
2006 991 69 28 eine
2095 991 127 36 Kompo­

859 1033 97 29 sition
971 1033 58 27 mit
1044 1033 92 32 „Pan
1150 1032 66 28 und
1232 1032 139 38 Syrinx“
1385 1032 187 35 entworfen,
1586 1033 34 27 in
1634 1033 55 28 der
1703 1043 34 18 er
1749 1034 33 27 in
1796 1034 118 28 vollem
1930 1034 177 37 Gegensatz
2121 1044 40 18 zu
2175 1035 61 27 den

859 1077 81 29 eben
957 1075 237 38 besprochenen
1213 1075 137 28 Werken
1369 1075 59 29 das
1446 1076 253 29 Transitorische
1718 1077 159 28 durchaus
1894 1078 33 27 in
1947 1078 61 27 den
2027 1078 210 37 Mittelpunkt

861 1120 55 28 des
934 1120 173 28 Interesses
1123 1119 97 28 stellt.
1225 1118 11 17 2
1240 1118 8 37 )
1267 1119 92 28 Auch
1377 1118 52 29 die
1448 1119 238 38 Hauptgruppe
1703 1121 85 27 einer
1805 1131 61 17 nur
1883 1121 33 28 in
1935 1121 102 37 Kopie
2055 1122 183 28 erhaltenen

859 1166 149 34 späteren
1026 1162 334 37 Daphne-Zeichnung
1379 1162 95 37 (Abb.
1487 1162 50 38 44)
1546 1163 12 17 3
1560 1162 10 38 )
1589 1163 178 37 entspricht
1784 1174 81 27 ganz
1883 1165 55 27 der
1956 1164 197 38 Auffassung
2170 1165 69 37 Cig-

860 1207 103 33 nanis,
977 1206 112 28 dessen
1105 1205 193 38 Gestaltung
1311 1206 69 28 hier
1392 1206 159 37 geradezu
1564 1215 307 29 vorausgenommen
1883 1208 58 28 ist:
1958 1209 135 36 Daphne
2108 1209 79 27 wird
2199 1225 42 3 —

862 1250 58 28 wie
942 1250 99 27 schon
1063 1250 33 27 in
1120 1249 62 28 den
1205 1250 249 37 Darstellungen
1478 1250 56 28 der
1559 1250 214 30 Renaissance
1796 1269 41 2 —
1860 1261 75 18 vom
1958 1252 144 28 eilenden
2126 1252 113 37 Apollo

859 1293 117 38 gerade
984 1293 147 33 erreicht,
1143 1293 42 27 da
1194 1293 116 28 nimmt
1320 1293 45 28 sie
1376 1293 132 30 Peneios
1518 1303 64 19 von
1592 1294 56 29 der
1658 1295 140 28 anderen
1811 1296 83 28 Seite
1903 1296 130 28 rettend
2043 1306 39 18 zu
2092 1296 66 28 sich
2169 1296 69 28 auf:

860 1337 69 28 eine
951 1336 184 38 prachtvoll
1155 1336 209 38 abgewogene
1390 1336 142 39 Gruppe,
1556 1337 153 39 überragt
1732 1349 63 18 von
1819 1340 73 27 dem
1914 1339 247 34 Lorbeerbaum,
2185 1340 56 27 der

858 1381 126 28 freilich
1007 1390 60 19 nur
1088 1381 46 27 als
1156 1381 223 38 Hintergrund
1400 1381 57 29 der
1477 1382 241 29 unverwandelt
1739 1383 223 37 gezeichneten
1984 1384 136 37 Daphne
2143 1383 97 34 dient,

863 1425 109 28 womit
995 1424 66 28 also
1085 1424 50 28 die
1158 1425 217 28 traditionelle
1389 1425 532 40 Verwandlungs-Momentaneität
1946 1428 81 28 auch
2045 1428 68 28 hier
2131 1427 97 29 klassi­

861 1468 183 29 zistischem
1059 1468 197 37 Empfinden
1271 1470 148 37 geopfert
1436 1470 88 28 wird.
1543 1470 60 28 Die
1620 1471 76 28 zwei
1712 1471 147 38 Najaden
1875 1471 137 29 nehmen
2029 1482 65 17 nun
2112 1481 57 19 aus
2185 1471 56 28 der

864 1513 101 28 Ferne
983 1512 63 28 viel
1062 1514 181 36 erregteren
1260 1513 110 28 Anteil
1386 1522 42 20 an
1446 1513 55 29 der
1519 1514 236 29 dramatischen
1774 1516 213 37 Begebenheit
2006 1516 47 28 als
2070 1516 32 28 in
2121 1516 55 28 der
2192 1517 35 26 rö­

865 1556 140 30 mischen
1017 1556 195 39 Zeichnung;
1225 1557 212 30 zahlreichere
1451 1558 66 29 und
1528 1557 177 30 lebhaftere
1715 1560 118 28 Putten
1847 1560 174 37 umspielen
2035 1560 50 28 die
2097 1559 131 30 Gesamt­

865 1602 227 36 komposition,
1112 1602 45 28 sie
1178 1602 197 28 wundervoll
1393 1603 162 33 rundend;
1577 1604 99 27 Amor
1695 1603 43 28 ist
1760 1604 176 29 deutlicher
1958 1604 66 28 und
2044 1604 132 28 frischer
2198 1605 47 28 als

865 1646 55 28 der
936 1645 283 37 Triumphierende
1235 1646 272 29 charakterisiert.
1527 1647 38 28 In
1583 1647 101 28 dieser
1702 1647 224 39 Komposition
1943 1648 42 28 ist
2004 1648 66 28 also
2087 1648 58 28 das
2162 1648 81 29 auch

863 1690 34 27 in
912 1689 55 28 der
979 1689 181 29 römischen
1173 1690 184 37 Zeichnung
1369 1690 35 28 in
1419 1690 55 29 der
1489 1691 239 37 Hauptgruppe
1743 1692 81 29 noch
1840 1701 34 19 so
1889 1692 160 28 deutliche
2063 1691 183 30 sukzessive

865 1734 147 27 Element
1036 1733 114 38 getilgt
1175 1736 177 35 zugunsten
1370 1734 86 29 einer
1474 1734 200 38 sorgfältiger
1691 1735 229 30 beobachteten
1940 1736 129 28 Einheit
2088 1736 55 28 der
2160 1736 84 34 Zeit;

865 1776 145 29 dennoch
1038 1777 134 37 bringen
1199 1778 77 28 zwei
1297 1777 55 29 der
1374 1779 121 27 Putten
1517 1779 256 28 Lorbeerkränze
1795 1779 109 29 herbei
1931 1797 40 2 —
1998 1780 50 28 ein
2071 1780 174 30 deutliches

867 1819 177 30 Residuum
1058 1821 56 28 der
1126 1820 151 29 früheren
1292 1822 212 37 Einstellung.
1521 1823 76 28 Und
1612 1823 82 28 auch
1710 1823 105 29 davon
1831 1823 177 39 abgesehen
2022 1824 42 28 ist
2080 1824 68 28 eine
2163 1833 81 29 ganz

865 1864 202 30 wesentliche
1093 1865 275 38 Verlangsamung
1393 1866 56 28 des
1474 1867 131 28 inneren
1631 1867 136 37 Tempos
1792 1867 179 38 gegenüber
1996 1868 104 28 einem
2126 1868 118 35 „hoch-

865 1907 181 30 barocken“
1064 1909 92 28 Bilde
1174 1910 57 27 wie
1249 1909 72 28 dem
1338 1910 149 38 Cignanis
1505 1911 101 28 durch
1623 1910 58 29 das
1698 1911 93 29 bloße
1808 1911 262 30 Vorhandensein
2087 1912 67 28 und
2171 1912 58 29 Mit­

865 1951 155 39 sprechen
1041 1952 55 29 der
1116 1953 140 28 anderen
1276 1953 85 39 Züge
1382 1954 56 28 der
1459 1954 184 38 Erzählung
1663 1954 132 39 bedingt
1816 1973 41 2 —
1876 1955 68 29 eine
1965 1956 279 29 charakteristisch

866 1995 245 30 klassizistische
1134 1997 153 37 Haltung.

954 2074 22 30 1)
993 2076 96 22 Zuerst
1109 2076 187 23 nachweisbar
1315 2076 30 23 in
1364 2077 65 22 dem
1448 2077 179 30 spätantiken
1647 2077 224 24 Elfenbeinrelief
1889 2078 29 24 in
1939 2079 136 22 Ravenna
2097 2079 81 29 (Abb.
2191 2080 53 29 24),

871 2110 75 22 dann
969 2110 30 22 in
1022 2111 48 22 der
1093 2111 72 23 oben
1185 2112 26 22 S.
1225 2118 14 23 7
1261 2112 81 22 Anm.
1356 2119 14 15 2
1395 2113 160 22 erwähnten
1571 2112 134 23 Miniatur
1729 2113 48 23 des
1797 2113 210 31 Quattrocento,
2026 2116 94 28 später
2143 2114 29 23 in
2198 2116 48 22 der

871 2145 173 23 Illustration
1064 2146 48 23 der
1128 2146 169 23 Dolceschen
1314 2147 266 27 „Trasformazioni"
1597 2154 56 16 von
1670 2154 74 23 1553,
1762 2156 20 15 s.
1806 2150 88 21 unten
1911 2149 26 23 S.
1950 2155 42 24 43.
2009 2149 53 23 Die
2083 2150 88 22 durch
2185 2149 60 24 eine

871 2180 159 30 Radierung
1044 2181 47 23 des
1104 2182 43 22 W.
1160 2181 134 23 Panneeis
1307 2182 175 23 überlieferte
1496 2182 185 30 Darstellung,
1696 2183 43 23 die
1754 2192 32 14 zu
1801 2183 148 24 Lebzeiten
1962 2184 48 23 des
2025 2185 114 22 Rubens
2155 2185 87 31 (1631)

870 2215 41 23 als
927 2216 74 22 seine
1018 2215 155 31 Erfindung
1188 2217 124 22 bekannt
1327 2218 129 28 gemacht
1471 2218 93 22 wurde
1581 2218 81 29 (Abb.
1675 2218 53 30 50),
1745 2218 60 30 gibt
1820 2220 86 22 Amor
1921 2220 80 26 auch,
2018 2220 66 22 aber
2099 2221 72 22 noch
2186 2220 59 24 mit

872 2251 54 22 den
937 2251 101 22 beiden
1050 2250 112 28 Pfeilen,
1177 2252 57 23 also
1246 2253 71 22 ohne
1330 2254 109 28 strenge
1451 2253 163 29 Beachtung
1626 2253 47 22 der
1686 2253 171 24 Zeiteinheit.
1872 2254 90 24 Einen
1973 2255 70 22 Pfeil
2050 2255 38 30 (?)
2102 2255 60 23 hält
2174 2255 71 24 auch

871 2286 49 22 der
936 2284 137 31 „IUffoi;“
1094 2286 47 24 des
1160 2287 72 23 oben
1248 2288 26 22 S.
1288 2294 32 23 27
1336 2288 81 22 Anm.
1431 2295 14 15 2
1461 2290 158 27 genannten
1637 2288 207 24 südrussischen
1865 2289 118 25 Gefäßes
2001 2290 29 22 in
2049 2290 48 23 der
2116 2290 91 24 Hand.

953 2321 24 30 2)
994 2321 124 24 Dresden
1141 2323 47 21 Nr.
1203 2322 58 30 718,
1287 2323 103 29 gemalt
1417 2324 75 28 1637,
1517 2323 42 22 W.
1572 2323 177 24 Friedländer
1773 2332 24 15 a.
1810 2332 24 15 a.
1847 2325 32 23 O.
1908 2325 26 24 S.
1947 2326 41 28 56,
2016 2332 57 22 115,
2099 2326 71 22 Abb.
2185 2332 57 22 190.

872 2356 52 22 Die
939 2356 84 29 Figur
1038 2357 98 23 Amors
1152 2357 52 22 mit
1219 2358 101 22 Fackel
1335 2358 57 22 und
1408 2358 71 23 Pfeil
1492 2358 38 22 ist
1544 2358 106 23 freilich
1665 2359 71 22 noch
1751 2360 72 23 ohne
1839 2360 153 24 Rücksicht
2007 2361 48 22 auf
2070 2361 112 22 Einheit
2197 2361 48 23 der

872 2391 68 26 Zeit,
960 2391 58 22 also
1036 2392 72 22 noch
1125 2392 40 22 im
1185 2393 84 22 Sinne
1288 2393 47 22 des
1353 2393 170 23 Münchener
1541 2394 93 22 Bildes
1652 2393 102 31 gefaßt.

952 2426 25 30 3)
995 2426 91 23 Smith
1102 2427 57 27 186,
1174 2428 142 22 Andresen
1331 2435 62 23 341;
1409 2428 152 23 erweiterte
1575 2429 131 23 Variante
1720 2430 142 23 Andresen
1876 2437 58 24 340.
1952 2430 188 30 Gegenseitige
2155 2430 89 31 Kopie

873 2460 29 23 in
920 2461 54 22 den
988 2461 120 23 Uffizien
1121 2462 47 23 Nr.
1180 2463 26 22 S.
1216 2463 77 29 8107.
1308 2463 177 23 Friedländer
1498 2471 24 15 a.
1534 2471 24 15 a.
1571 2464 32 23 O.
1621 2464 25 23 S.
1661 2471 57 22 113.
1731 2461 121 27 Ähnlich
1864 2466 50 22 das
1927 2473 56 15 von
1996 2465 100 23 Bellori
2111 2466 47 29 (Le
2171 2466 72 27 Vite,

875 2496 64 22 Pisa
960 2496 74 27 1821,
1055 2497 38 26 II,
1109 2496 57 31 188)
1187 2498 195 23 beschriebene
1401 2498 72 27 Bild,
1494 2507 33 14 zu
1546 2499 63 23 dem
1629 2499 71 23 wohl
1718 2499 44 25 die
1780 2500 243 31 fragmentarische
2042 2501 157 31 Zeichnung
2216 2502 29 22 in

876 2531 141 30 Chantilly
1034 2532 98 29 gehört
1152 2533 87 30 (phot.
1253 2533 163 30 Giraudon).
