2409 3159
820 310 42 38 56

1300 321 53 23 Die
1365 321 81 24 Fabel
1459 323 29 21 in
1503 323 45 23 der
1561 322 134 24 Literatur
1710 324 54 22 und
1777 324 93 23 Musik
1885 325 49 23 seit
1946 327 46 22 der
2005 326 180 27 Renaissance

1145 379 192 41 (Hauptteil)
1385 382 60 29 Mie
1460 383 108 38 piante
1583 386 132 34 correte,

1382 425 61 29 Mie
1458 426 125 31 braccia
1597 427 152 39 stringete

1382 468 163 40 L’ingrata
1560 471 96 29 beltä.

1145 509 190 41 (Nebenteil)
1385 513 46 28 La
1444 516 91 28 tocco
1549 515 31 28 la
1593 514 102 40 cingo,

1380 557 47 28 La
1439 558 124 37 prendo
1575 559 32 28 la
1620 558 132 40 stringo,

1382 601 51 27 Ma
1448 603 75 36 quäl
1538 602 126 30 novitä!

815 666 99 29 wobei
932 666 121 30 freilich
1073 667 190 31 zweifelhaft
1284 670 147 28 scheinen
1451 672 88 33 muß,
1560 672 42 28 ob
1621 672 88 30 nicht
1730 673 81 29 auch
1831 674 56 29 der
1908 676 130 28 Dichter
2057 677 124 37 gefühlt

815 709 67 35 hat,
901 709 63 28 daß
981 719 40 19 an
1038 712 50 27 ein
1106 712 51 28 Da
1174 712 86 39 Capo
1276 714 55 28 des
1348 714 185 38 Hauptteils
1549 716 32 27 in
1598 716 55 28 der
1670 716 147 30 üblichen
1834 717 103 31 Weise
1953 719 68 28 hier
2037 719 89 30 nicht
2143 730 39 19 zu

815 753 122 29 denken
954 753 40 29 ist
1013 755 108 37 (Opitz
1137 755 90 30 hatte
1243 757 81 28 noch
1341 757 218 30 wohlweislich
1577 760 54 28 der
1648 759 232 41 Verwandlung
1895 762 182 39 überhaupt
2094 763 87 31 nicht

813 796 32 29 in
860 796 130 30 Worten
1004 799 173 38 gedacht!).
1196 799 186 31 Immerhin:
1399 801 87 30 beltä
1501 803 66 28 und
1582 802 111 32 novitä
1706 805 42 28 ist
1764 805 175 30 ordentlich
1954 808 143 36 gereimt,
2114 809 65 28 und

812 849 32 20 es
861 840 79 37 folgt
959 850 65 20 nun
1041 852 80 27 ganz
1138 842 81 31 nach
1238 845 54 27 der
1312 845 96 37 Regel
1425 845 50 29 ein
1493 856 95 19 neues
1608 847 174 31 Rezitativ:
1803 849 84 36 „Che
1905 851 77 34 vidi,
2002 852 56 28 che
2077 851 102 35 mirai,

812 883 88 29 Cieli!
917 884 132 36 destino,
1065 886 56 29 che
1135 886 81 30 sarai
1233 888 100 28 mai!“
1349 898 87 25 usw.,
1452 899 106 19 woran
1573 891 66 29 sich
1654 891 85 30 dann
1754 893 50 27 die
1822 893 192 36 Schlußarie,
2031 895 56 28 das
2102 895 76 30 Lied

811 927 129 38 Apollos
965 937 40 20 an
1031 930 60 28 den
1117 929 145 37 Lorbeer,
1289 931 186 30 anschließt.
1504 934 37 28 In
1567 934 54 29 der
1648 934 224 41 Komposition
1898 939 142 28 Handels
2064 938 113 40 jedoch

813 970 93 37 (Abb.
919 971 52 37 64)
987 973 104 28 bricht
1107 974 55 28 der
1176 973 80 31 eben
1271 975 182 39 begonnene
1469 977 160 29 Mittelteil
1644 978 54 29 der
1713 979 32 28 in
1760 979 56 28 der
1832 979 224 41 Grundanlage
2070 985 108 37 streng

810 1015 140 37 zyklisch
967 1016 187 38 geformten,
1173 1017 75 30 aber
1265 1018 32 28 in
1315 1019 60 28 den
1393 1020 235 29 wundervollen
1647 1021 211 36 „laufenden"
1880 1024 224 31 Sechzehnteln
2122 1028 55 27 der

812 1058 188 30 Solovioline
1020 1060 97 28 schon
1138 1061 56 28 auf
1214 1061 315 40 „Handlungs“-Zeit
1550 1063 217 40 eingestellten
1788 1066 73 29 Arie
1882 1068 72 29 fünf
1974 1070 101 28 Takte
2097 1070 80 30 nach

809 1101 74 29 dem
896 1102 122 38 Beginn
1031 1104 121 28 schroff
1164 1103 55 30 ab:
1236 1105 65 28 Der
1315 1105 126 34 „Lauf"
1455 1107 43 28 ist
1512 1117 40 18 zu
1566 1107 101 36 Ende,
1683 1108 50 29 die
1748 1109 233 41 Verwandlung
1993 1112 185 40 geschehen,

809 1145 268 35 unwiderruflich;
1096 1147 44 28 im
1157 1147 300 40 „Accompagnato“
1476 1151 102 38 klingt
1597 1152 50 29 die
1666 1152 164 39 Erregung
1847 1154 41 29 ab
1905 1155 48 29 bis
1970 1166 56 18 zur
2044 1156 135 40 völligen

809 1188 203 40 Beruhigung
1028 1191 54 28 des
1101 1190 257 32 Seccorezitativs
1377 1192 77 39 (also
1470 1195 33 27 in
1520 1194 223 40 umgekehrter
1760 1197 94 38 Folge
1870 1198 58 30 wie
1944 1199 234 41 gewöhnlich!),

808 1233 65 28 und
887 1232 50 28 die
953 1233 141 29 Kantate
1107 1234 134 30 schließt
1256 1236 60 28 mit
1330 1236 73 28 dem
1414 1235 331 43 resignierend-stillen
1760 1240 219 41 Klagegesang
1992 1243 55 30 des
2066 1243 113 31 Gottes

806 1292 40 4 —
863 1276 168 30 herrlicher
1049 1277 147 40 Abklang
1222 1279 54 29 der
1294 1281 117 27 letzten
1431 1280 108 30 Weihe
1559 1282 55 29 der
1633 1282 85 31 alten
1738 1284 96 29 Fabel
1854 1285 97 31 durch
1972 1287 89 29 einen
2082 1288 81 31 musi­

806 1319 158 30 kalischen
988 1320 126 32 Genius.

806 1406 182 33 (Beilageheft
1009 1416 48 16 zur
1071 1409 130 26 Zeitschr.
1217 1411 18 23 f.
1250 1407 130 28 Ästhetik
1402 1413 56 24 und
1480 1414 62 30 allg.
1560 1414 163 26 Kunstwiss.
1740 1417 51 22 Bd.
1804 1417 53 30 25),
1873 1418 71 31 hrsg.
1961 1427 56 16 von
2032 1420 142 26 Hermann

803 1442 105 28 Noack,
929 1443 141 32 Stuttgart
1089 1451 76 24 1931,
1187 1446 26 24 S.
1227 1447 85 22 n8ff.
