2464 3159
213 375 101 26 Beilori

1545 360 43 39 63

490 458 244 33 Conformita’
757 461 59 24 tra
837 457 34 28 la
895 455 165 35 Pittura,
1082 467 16 18 e
1120 457 34 27 la
1177 456 131 29 Poesia

251 524 160 39 Appresso
433 524 29 27 le
486 519 256 36 considerazioni,
766 518 84 28 nelle
874 517 88 36 quali
985 515 150 31 abbiamo
1157 515 212 32 riconosciuto
1392 527 59 18 con
1475 516 112 40 quant’

212 573 67 26 arte
293 569 22 28 il
329 567 122 30 Pittore
465 567 26 28 si
504 565 47 30 sia
565 563 161 38 disgiunto
740 562 54 28 dal
808 560 100 30 Poeta
921 560 52 28 nel
987 559 173 31 medesimo
1174 563 193 34 argomento,
1383 570 56 27 per
1452 558 136 32 formare

211 611 224 31 ottimamente
452 611 32 27 la
501 617 58 22 sua
576 605 195 35 invenzione,
790 606 86 27 resta
894 604 22 27 il
934 603 124 29 vedersi
1076 611 59 21 con
1154 605 122 35 quanta
1292 602 157 31 industria
1473 612 114 21 ancora

212 658 27 28 si
264 657 47 29 sia
336 655 169 38 congiunto
525 661 71 19 seco
616 649 52 30 all’
688 647 193 39 espressione
901 647 84 28 della
1004 645 129 36 Favola,
1154 647 84 37 negli
1256 645 105 30 affetti
1381 656 16 18 e
1418 646 72 30 nell’
1511 647 78 28 altre

210 701 95 37 parti.
326 698 89 31 Onde
435 693 241 41 comparandosi
693 692 132 29 insieme
843 692 10 28 i
871 690 107 38 luoghi
997 690 83 28 della
1098 690 112 29 Poesia
1228 699 16 19 e
1263 689 82 29 della
1364 688 135 37 Pittura,
1518 690 71 29 sarä

210 745 72 28 lode
299 744 34 27 di
349 744 114 37 questa
476 738 102 30 l’aver
593 739 130 36 portato
740 736 65 29 alla
820 734 87 30 vista
923 744 60 19 con
999 733 11 28 i
1027 733 108 35 colori,
1154 736 122 35 quanto
1291 734 32 27 la
1338 742 59 20 sua
1413 740 176 32 compagna

212 790 50 27 col
278 796 101 20 suono
396 784 50 30 de’
464 782 99 30 carmi
580 781 85 29 dona
683 780 53 28 all’
755 779 104 31 udito.

291 828 149 31 Descrive
457 828 23 27 il
498 826 100 29 Poeta
614 825 32 28 la
664 823 139 30 velocita
821 822 33 29 di
872 820 156 40 Apolline,
1047 821 23 28 il
1089 820 93 40 quäle
1201 820 151 30 correndo
1371 820 30 27 al
1419 818 69 39 pari
1506 819 83 30 della

210 875 109 29 veloce
334 872 122 34 brama,
472 869 172 39 raggiunge
661 878 16 18 e
692 869 149 36 soprasta
856 866 65 28 alla
935 864 173 38 fuggitiva:

532 930 49 34 Ei,
601 930 58 29 che
678 930 31 27 la
727 937 96 29 segue
842 927 57 38 piü
917 926 108 29 veloce
1045 926 31 27 al
1095 933 100 27 corso,

533 974 81 29 Vien
631 973 78 29 dall’
727 972 45 29 ali
789 972 36 28 di
841 971 102 28 Amor
960 972 133 35 portato
1111 978 19 19 a
1148 968 86 35 volo,

534 1019 27 28 E
582 1027 96 20 senza
699 1016 110 38 spazio
832 1015 67 34 dar,
921 1023 96 20 senza
1038 1012 108 40 riposo

536 1061 152 30 Sovrasta
709 1062 31 27 al
759 1062 91 35 tergo
870 1058 52 39 giä
942 1058 33 28 di
993 1057 53 35 lei,
1069 1056 57 29 che
1147 1055 105 39 fugge.

298 1126 129 39 Quanto
450 1125 81 29 bene
556 1123 105 39 questi
684 1122 105 29 effetti
814 1120 84 30 della
922 1119 128 39 sequela
1073 1128 16 19 e
1114 1117 84 30 della
1222 1116 84 39 fuga,
1332 1125 88 21 come
1444 1115 149 31 abbiamo

214 1172 130 35 veduto,
371 1170 89 30 siano
486 1168 78 29 stati
589 1167 120 29 imitati
736 1166 86 29 dalla
846 1164 136 35 Pittura,
1009 1163 27 28 si
1052 1161 64 39 puö
1139 1163 218 36 argomentare
1381 1160 103 38 prima
1507 1159 85 29 dalla

214 1216 105 38 figura
334 1216 33 28 di
382 1212 158 41 Apolline,
562 1213 35 28 in
619 1211 53 30 cui
692 1211 27 28 si
741 1208 191 40 comprende
947 1207 22 29 1’
984 1216 111 20 acceso
1116 1206 88 28 desio
1221 1205 33 29 di
1268 1203 205 40 sorprendere
1488 1202 105 30 Dafne

215 1262 33 27 in
264 1263 70 26 atto
349 1258 66 30 cosi
429 1256 118 35 veloce,
565 1257 57 27 che
638 1255 52 29 nel
704 1253 163 30 distender
882 1261 63 19 una
961 1260 95 20 mano
1073 1260 16 19 e
1108 1250 51 29 nel
1176 1249 106 29 ritirar
1294 1248 22 29 1’
1331 1248 91 35 altra,
1442 1246 151 31 avvalora

214 1305 23 28 il
256 1307 89 26 moto
363 1311 57 30 per
438 1299 219 31 abbracciarla
674 1308 16 18 e
709 1296 193 40 possederla.

298 1348 27 28 Il
340 1355 89 21 corso
443 1345 33 28 di
491 1344 105 29 Dafne
609 1343 37 29 fu
660 1340 225 31 ottimamente
900 1348 142 28 espresso
1056 1337 76 29 dall’
1147 1336 116 29 affetto
1277 1336 53 28 del
1343 1339 98 26 vento
1455 1336 53 29 nel
1521 1335 72 28 velo

216 1402 16 19 e
251 1391 49 30 ne’
320 1390 123 38 capelli,
462 1389 52 28 nel
532 1388 94 37 quäle
645 1394 205 29 convengono
869 1392 115 20 ancora
1001 1382 32 28 la
1052 1381 128 29 Pittura
1198 1391 15 18 e
1232 1380 31 28 la
1282 1379 121 29 Poesia.

539 1448 109 30 Scosse
661 1448 30 28 le
704 1447 86 29 vesti
804 1445 146 30 incontra
964 1443 55 29 all’
1033 1452 88 25 aura,
1136 1442 42 28 e’l
1192 1445 100 25 vento

536 1493 44 28 Le
594 1501 56 20 sue
665 1491 85 28 nude
763 1489 126 38 scopria
904 1487 145 29 membra
1063 1486 119 34 divine,

535 1537 28 27 E
578 1536 104 28 dietro
696 1534 53 29 all’
764 1542 77 20 aure
856 1531 165 30 ventilava
1035 1531 24 27 il
1073 1530 97 29 crine.

300 1601 112 38 Questi
431 1599 106 30 effetti
557 1599 51 27 del
627 1600 98 26 vento
745 1605 79 20 sono
845 1594 227 39 doppiamente
1092 1593 95 28 intesi
1208 1590 87 30 dalla
1315 1590 136 34 Pittura,
1474 1591 122 27 mentre

215 1644 213 31 arrestandosi
450 1642 104 30 Dafne
578 1642 30 28 al
631 1650 98 25 corso,
753 1639 27 29 si
803 1639 178 29 rallentano
1003 1636 131 29 insieme
1156 1633 224 40 leggiermente
1404 1633 52 28 all'
1480 1633 65 27 aria
1567 1632 29 29 le

215 1690 84 29 vesti
317 1690 40 28 ed
375 1690 12 27 i
406 1687 129 39 capelli;
555 1695 61 19 ove
636 1685 31 29 al
685 1683 113 38 rapido
818 1692 91 20 corso
928 1682 31 28 d’
980 1680 147 39 Apolline
1146 1680 28 27 si
1192 1678 108 39 gonfia
1320 1677 122 38 agitata
1460 1675 137 30 indietro

216 1735 31 28 la
264 1732 134 31 clamide
415 1741 58 19 sua
490 1729 266 39 fiammeggiante.
778 1726 174 30 Proferisce
969 1725 131 29 insieme
1117 1724 23 28 il
1158 1722 100 30 Poeta
1276 1722 73 37 quel
1366 1730 56 19 suo
1438 1719 160 39 leggiadro

218 1780 155 33 concetto,
393 1776 57 29 che
467 1774 85 30 nella
569 1773 76 38 fuga
663 1782 63 19 non
744 1771 27 30 si
788 1780 116 25 scema,
925 1770 70 28 anzi
1012 1769 27 28 si
1057 1776 141 21 accresce
1216 1766 31 29 la
1265 1764 89 30 beltä
1371 1765 32 28 di
1421 1763 117 35 Dafne;
1558 1763 39 29 ed

219 1833 19 18 a
253 1824 113 36 questa
380 1829 124 25 ancora,
527 1828 89 19 come
631 1826 18 20 a
664 1819 91 35 parte
769 1813 299 40 importantissima,
1084 1820 59 21 con
1157 1813 90 26 tutto
1260 1808 161 30 l’artificio
1434 1809 28 27 si
1475 1807 122 29 avanzö

218 1867 23 28 il
259 1865 133 39 pittore;
413 1865 121 27 mentre
555 1861 102 29 Dafne
677 1861 52 28 nel
748 1858 216 31 trasformarsi
983 1857 84 29 tinta
1087 1855 32 29 di
1139 1865 43 18 un
1202 1854 52 28 bei
1273 1853 119 37 pallore
1411 1851 113 29 ritiene
1544 1861 40 18 an­

219 1918 73 21 cora
307 1909 22 28 il
344 1907 136 30 candore
496 1906 142 29 animato
654 1905 52 28 del
719 1912 131 30 sangue,
866 1902 58 30 che
939 1902 32 28 la
985 1901 96 29 rende
1098 1899 57 39 piü
1169 1896 262 31 commendabile.
1449 1894 149 30 L’istessa

220 1951 259 32 trasformazione
500 1950 33 29 di
553 1949 103 29 Dafne
678 1948 154 29 descritta
853 1946 53 29 dal
927 1945 100 29 Poeta
1048 1943 91 30 viene
1161 1950 115 21 ancora
1297 1940 141 29 emulata
1459 1939 53 29 dal
1533 1939 51 27 Pit­

220 2000 68 27 tore
296 2005 7 25 ;
320 1996 127 38 quando
462 2003 79 26 essa,
558 1994 84 37 dopo
657 2002 94 19 avere
766 1991 150 29 invocato
931 1990 23 28 il
968 1987 152 40 genitore,
1137 1985 130 38 stupida
1282 1985 26 28 si
1323 1984 111 38 cangia
1450 1982 32 29 in
1497 1981 99 35 lauro,

220 2051 17 20 e
259 2050 114 29 sparge
393 2040 30 29 le
443 2038 102 30 radici
565 2048 17 19 e
602 2039 12 27 i
634 2037 92 34 rami,

541 2099 107 29 Finito
662 2099 23 27 il
699 2107 107 29 prego,
823 2107 19 18 a
855 2096 42 29 lei
912 2104 114 20 manca
1039 2094 32 28 la
1085 2100 94 27 voce;

541 2144 115 28 Nuovo
669 2145 114 35 stupor
796 2143 91 26 tutta
901 2139 20 28 1’
937 2139 114 34 assale,
1066 2148 16 18 e
1097 2136 132 39 prende,

543 2187 134 29 Crescon
690 2187 29 27 le
734 2185 127 29 braccia
875 2184 32 29 in
922 2182 90 34 rami,
1028 2181 41 29 e’l
1083 2180 51 39 pi6
1148 2179 109 29 veloce

547 2231 30 29 S’
593 2230 139 39 appiglia
747 2229 31 29 al
791 2228 100 35 suolo,
908 2237 16 19 e
937 2228 30 28 le
982 2225 99 30 radici
1095 2223 123 30 stende.

305 2294 62 29 All’
387 2293 191 39 espressione
598 2292 128 38 dunque
747 2291 32 28 di
799 2292 115 35 questa
934 2288 120 29 Favola
1075 2295 58 21 con
1154 2283 99 30 mezzi
1271 2282 34 29 in
1324 2283 91 36 parte
1435 2277 164 37 conformi,

225 2340 39 28 ed
279 2339 33 29 in
328 2341 90 35 parte
435 2337 116 29 diversi
566 2345 191 20 concorrono
772 2335 23 27 il
812 2333 122 29 Pittore
950 2332 40 28 e’l
1006 2330 113 35 Poeta;
1137 2339 16 18 e
1168 2329 29 28 le
1213 2327 100 38 figure
1330 2324 64 30 cosl
1410 2325 97 27 tratte
1524 2320 75 30 dall’

225 2385 186 36 argomento
431 2382 84 27 della
535 2381 112 27 Poesia
666 2388 133 19 servono
820 2376 237 30 efficacemente
1080 2372 52 30 all’
1153 2370 185 31 invenzione
1360 2368 82 28 della
1463 2365 135 36 Pittura,

224 2425 189 31 illustrando
428 2426 23 28 il
465 2427 144 35 soggetto
625 2433 58 19 con
699 2431 144 20 successo
858 2424 92 26 tanto
965 2419 100 34 felice,
1083 2418 57 28 che
1156 2417 41 27 da
1213 2423 62 21 una
1291 2412 107 29 favola
1414 2419 132 21 comune
1562 2409 39 28 ed

226 2470 129 35 usitata,
373 2470 22 28 il
414 2469 110 38 Signor
541 2468 89 28 Carlo
645 2467 33 29 in
694 2466 168 29 adornarla
878 2464 32 29 di
926 2463 98 29 nuovi
1039 2460 88 39 fregi,
1144 2460 42 28 ha
1201 2461 116 36 saputo
1333 2459 105 25 trarne
1455 2463 42 20 un
1514 2462 87 29 pere-

225 2514 100 39 grino,
346 2514 58 28 che
423 2520 139 31 provoca
579 2512 33 28 la
630 2511 85 29 vista
732 2520 18 18 e
768 2510 31 27 la
819 2508 71 30 lode
909 2507 50 29 de’
978 2504 208 40 riguardanti.
