2409 3159
847 339 39 31 i8

1390 348 132 24 Bildliche
1537 350 203 29 Darstellungen
1755 350 28 22 in
1799 350 152 23 Mittelalter
1966 353 55 21 und
2037 352 180 26 Renaissance

843 412 55 28 des
918 418 46 29 15.
982 411 214 36 Jahrunderts
1213 421 65 18 von
1296 411 106 29 diesen
1421 412 192 29 Miniaturen
1630 413 137 28 überaus
1790 413 79 38 groß
1892 415 68 27 und
1981 416 72 27 sehr
2076 417 127 30 bezeich­

842 455 84 28 nend
944 455 51 27 für
1014 455 60 27 den
1095 454 122 29 Primat
1239 456 131 27 Italiens
1389 455 33 28 in
1443 456 54 27 der
1516 456 127 38 Lösung
1665 458 54 28 des
1735 456 173 36 Problems,
1928 458 45 28 im
1991 459 131 29 Dienste
2143 470 60 29 psy­

842 497 212 38 chologischer
1074 498 249 38 Interpretation
1349 499 54 28 der
1423 500 173 38 Handlung
1615 501 141 29 mehrere
1775 501 137 39 Figuren
1936 502 45 28 im
2001 502 104 29 Raum
2122 514 81 28 grup­

842 541 130 38 pierend
990 552 40 18 zu
1048 542 129 28 ordnen.

917 586 64 28 Der
1003 586 236 38 Daphnetypus
1261 597 58 18 aus
1336 587 126 33 „Baum
1483 590 32 30 +
1533 587 118 39 Kopf",
1676 589 61 28 den
1761 588 55 28 wir
1834 588 44 29 im
1895 589 129 29 Norden
2041 589 162 40 kennenge­

840 629 82 29 lernt
938 630 65 28 und
1016 630 33 28 in
1064 630 55 28 der
1133 630 118 29 Antike
1266 631 196 37 vorgebildet
1477 631 158 38 gefunden
1650 632 123 34 hatten,
1788 632 42 28 ist
1845 632 82 29 auch
1942 633 45 27 im
1999 633 218 31 italienischen

846 672 230 39 Quattrocento
1089 674 153 34 bekannt,
1257 684 48 18 wo
1318 684 33 18 er
1363 675 207 38 gelegentlich
1583 676 33 28 in
1630 676 162 29 derselben
1807 676 174 29 statischen
1996 677 138 37 Bildung
2147 688 57 19 vor­

841 717 133 29 kommt.
995 718 66 28 Das
1088 718 134 38 bezeugt
1244 719 51 27 ein
1324 728 54 19 um
1402 725 77 29 1450
1500 719 152 37 gemaltes
1671 720 202 30 Cassonebild
1886 738 41 2 —
1944 720 114 39 gerade
2080 722 56 27 auf
2157 722 61 29 den

840 760 129 30 Cassoni
994 762 107 27 macht
1121 762 67 28 sich
1206 761 33 38 ja
1258 762 204 28 bekanntlich
1482 763 49 27 die
1551 764 107 28 antike
1680 764 175 37 Sagenwelt
1875 775 65 18 nun
1959 765 33 28 in
2010 767 99 27 erster
2128 765 89 30 Linie

838 804 83 30 breit
942 823 41 2 —
1002 806 86 27 beim
1102 806 76 27 Earl
1199 805 34 29 of
1252 806 177 28 Harewood
1452 806 92 37 (Abb.
1561 807 48 37 13)
1618 807 11 17 1
1632 807 21 38 ),
1686 817 48 19 wo
1755 808 114 38 Apollo
1890 826 41 3 —
1950 809 45 27 im
2015 808 203 32 Zeitkostüm

839 848 57 29 wie
910 850 33 27 in
960 850 154 36 Burgund
1129 866 41 3 —
1185 849 60 29 den
1260 851 106 36 längst
1381 850 234 30 verwandelten
1634 851 125 30 Stamm
1773 851 132 30 zärtlich
1921 853 127 28 umfaßt
2063 853 79 35 hält,
2160 862 57 21 aus

839 892 73 29 dem
938 894 55 27 der
1019 893 89 37 Kopf
1132 893 156 29 zwischen
1317 894 96 28 Geäst
1439 894 200 38 hervorlugt;
1666 895 63 29 fast
1755 896 156 29 identisch
1940 897 55 36 (im
2023 896 191 40 Gegensinn)

837 936 103 29 findet
959 937 66 28 sich
1045 937 49 28 die
1116 937 98 29 Szene
1233 938 155 28 zwischen
1407 938 61 28 den
1484 938 135 29 Ranken
1638 939 54 28 des
1710 940 108 27 linken
1837 940 125 38 Flügels
1980 950 63 19 von
2063 941 153 30 Filaretes

838 980 177 29 Bronzetür
1032 982 55 27 der
1104 981 216 29 Peterskirche
1341 981 192 38 (1439—45).
1538 982 11 17 2
1552 983 9 37 )
1596 983 50 36 Ja,
1670 982 205 40 gelegentlich
1892 985 74 37 geht
1985 986 80 27 auch
2083 985 50 29 ein
2152 987 51 29 Ita­

836 1024 97 29 liener
948 1025 74 28 dem
1034 1025 354 38 Verwandlungsmotiv
1401 1035 80 28 ganz
1495 1035 58 19 aus
1567 1027 73 27 dem
1653 1026 95 39 Wege
1763 1028 57 27 wie
1835 1028 54 28 der
1905 1029 96 28 Maler
2016 1029 55 28 der
2086 1030 115 30 Brüsse­

835 1068 47 29 ler
899 1069 168 28 Miniatur:
1085 1069 57 27 auf
1162 1068 106 29 einem
1284 1069 205 28 Cassonebild
1509 1069 93 37 (Abb.
1618 1070 49 37 14)
1677 1070 12 17 3
1690 1070 11 37 )
1725 1070 44 29 ist
1785 1088 43 2 —
1842 1071 74 29 echt
1932 1072 176 29 illustrativ
2123 1090 42 3 —
2180 1075 35 29 in

836 1111 67 30 vier
925 1113 121 28 Szenen
1064 1112 255 29 nebeneinander
1339 1113 194 37 dargestellt,
1554 1113 58 28 wie
1631 1114 76 27 zwei
1726 1114 125 28 Frauen
1871 1116 135 37 Daphne
2026 1126 55 18 zur
2102 1117 112 30 Heirat

836 1156 147 33 Zureden,
1006 1156 114 37 Apollo
1141 1156 46 28 sie
1209 1157 147 36 verfolgt,
1380 1157 44 27 sie
1447 1157 46 27 als
1516 1157 104 28 Baum
1645 1157 92 36 (ohne
1763 1158 82 37 Spur
1868 1160 227 28 menschlicher
2117 1161 96 38 Züge)

836 1202 141 25 umarmt
1008 1200 67 28 und
1105 1199 137 35 endlich,
1267 1198 67 41 [mit
1359 1200 73 28 dem
1456 1200 234 38 Lorbeerzweig
1713 1201 66 28 sich
1804 1202 153 36 krönend,
1987 1204 229 30 nachdenklich

836 1243 183 37 weitergeht
1036 1260 41 3 —
1092 1243 60 28 alle
1169 1244 160 28 Personen
1344 1244 33 28 in
1394 1245 167 28 kostbarer
1577 1245 186 34 Zeittracht,
1782 1245 50 30 die
1849 1245 140 31 deutlich
2006 1247 61 28 den
2084 1248 132 30 Einfluß

836 1286 55 30 des
909 1287 146 28 Nordens
1072 1289 118 27 verrät.
1211 1288 75 28 Und
1303 1298 33 18 es
1352 1288 43 29 ist
1413 1298 66 18 nun
1497 1289 114 29 höchst
1629 1289 213 29 bezeichnend
1860 1290 51 29 für
1930 1291 50 28 die
2001 1291 142 38 Stellung
2161 1293 54 29 der

836 1330 118 29 Antike
976 1331 45 28 im
1049 1331 242 38 Quattrocento,
1315 1332 57 28 wie
1396 1333 50 27 die
1469 1333 119 38 gleiche
1610 1333 285 39 ikonographische
1918 1335 165 29 Tradition
2105 1335 33 30 in
2161 1337 55 29 der

836 1374 177 29 köstlichen
1025 1375 89 28 Tafel
1125 1375 56 29 des
1193 1376 253 38 Buonsignori
1461 1377 210 38 (Settignano,
1686 1378 187 38 Sammlung
1884 1379 171 35 Berenson,
2067 1380 82 29 Abb.
2165 1381 49 38 15)

834 1418 220 38 abgewandelt
1067 1420 88 28 wird.
1170 1420 45 29 Es
1227 1421 133 28 handelt
1373 1421 66 28 sich
1453 1431 56 18 um
1522 1421 135 29 dieselbe
1674 1422 203 39 Szenenfolge
1894 1423 70 37 (nur
1978 1424 238 40 unvollständig

834 1462 255 39 wiedergegeben
1117 1464 77 28 oder
1221 1465 158 29 erhalten:
1408 1474 56 19 zur
1492 1465 270 30 alleinstehenden
1790 1467 136 38 Daphne
1953 1468 84 29 links
2064 1468 71 29 sind
2164 1469 49 29 die

837 1506 339 39 Schwesternymphen
1197 1508 275 35 hinzuzudenken,
1495 1510 49 29 die
1566 1510 100 29 vierte
1691 1510 97 30 Szene
1809 1511 105 29 rechts
1935 1512 80 29 fehlt
2036 1512 103 38 ganz),
2163 1513 50 29 die

833 1551 221 38 Anknüpfung
1068 1561 41 19 an
1125 1551 62 30 den
1201 1552 306 40 ikonographischen
1523 1554 110 38 Typus
1647 1555 55 29 des
1717 1555 82 29 oben
1813 1555 236 40 besprochenen
2064 1557 149 32 Cassone-

833 1595 101 30 bildes
952 1596 42 29 ist
1015 1596 96 38 völlig
1131 1597 151 36 deutlich,
1303 1598 76 28 aber
1399 1598 57 28 das
1478 1598 106 29 Ganze
1602 1599 43 29 ist
1664 1609 67 19 mm
1749 1600 50 29 ins
1819 1600 227 35 „Antikische“
2067 1604 132 36 transpo­

833 1639 92 35 niert,
954 1640 66 29 und
1047 1650 83 18 zwar
1156 1641 34 28 in
1217 1643 62 28 den
1304 1642 253 30 Einzelmotiven
1591 1644 57 28 wie
1668 1644 33 27 in
1731 1644 54 28 der
1807 1643 318 41 Gesamtbewegung:
2156 1656 57 19 aus

833 1683 54 30 der
907 1684 282 38 langgewandeten
1210 1687 136 37 Daphne
1365 1686 85 29 links
1470 1686 79 30 wird
1570 1688 49 28 die
1641 1688 141 34 „Ninfa"
1804 1688 60 30 mit
1885 1689 55 29 der
1963 1689 145 29 Gebärde
2128 1690 85 29 einer

913 1781 23 30 1)
954 1781 162 30 Schubring,
1139 1781 114 25 Cassoni
1273 1784 48 22 Nr.
1336 1790 57 23 154,
1415 1782 60 23 Taf.
1488 1783 114 28 XXXI;
1625 1785 32 22 R.
1670 1792 26 15 v.
1709 1785 93 26 Marie,
1824 1785 58 23 The
1899 1786 202 31 Development
2117 1788 29 22 of
2161 1788 49 23 the

832 1815 102 24 Italian
954 1816 112 23 Schools
1082 1816 30 23 of
1128 1818 132 30 Painting
1276 1819 36 26 X,
1331 1819 81 29 Haag
1431 1819 74 28 1928,
1524 1825 59 24 552.

911 1851 25 31 2)
954 1852 161 30 Schubring,
1139 1853 122 27 Cassoni,
1287 1855 26 22 S.
1326 1855 50 28 438
1399 1862 27 15 u.
1448 1855 93 26 Sauer,
1566 1856 68 29 Rep.
1654 1855 18 22 f.
1694 1856 60 22 Kw.
1776 1855 75 30 1897,
1880 1857 25 22 S.
1919 1863 14 23 3
1954 1857 98 29 (linker
2069 1858 140 31 Türflügel

830 1886 73 24 links
916 1887 48 22 Nr.
979 1887 55 30 14);
1054 1889 50 28 gut
1117 1887 125 25 sichtbar
1255 1890 48 22 auf
1317 1890 91 22 Photo
1421 1890 106 22 Alinari
1541 1897 76 22 5910.
1634 1891 129 22 Derselbe
1778 1891 118 23 Filarete
1909 1892 144 30 empfiehlt
2066 1893 60 23 eine
2140 1894 57 23 Dar­

831 1921 118 30 stellung
967 1922 47 23 der
1037 1923 184 31 Daphnesage
1238 1925 45 22 für
1301 1925 44 23 die
1362 1925 187 31 Ausstattung
1566 1926 48 22 des
1631 1926 161 23 fürstlichen
1810 1926 134 24 Palastes:
1964 1928 39 22 La
2014 1927 142 23 Sforzinda
2165 1929 41 23 ed.

830 1964 26 15 v.
871 1957 149 30 Oettingen
1039 1958 199 31 (Quellenschr.
1252 1968 22 14 z.
1289 1961 102 29 Kgsch.
1404 1961 35 21 N.
1451 1961 30 22 F.
1494 1961 55 30 III)
1562 1961 80 23 Wien
1660 1962 74 27 1890,
1751 1962 25 22 S.
1789 1968 58 22 303,
1862 1969 19 16 s.
1896 1963 70 22 auch
1981 1963 25 22 S.
2018 1964 58 27 652.
2089 1959 119 29 Ähnlich

1390 1996 86 22 denkt
1494 1996 57 23 sich
1563 1996 121 23 Polizian
1699 1997 44 22 die
1763 1997 84 22 Szene
1864 1997 40 23 als
1922 1997 88 24 Relief
2026 2005 45 15 am
2089 1999 53 21 Tor
2160 1999 48 23 des

1388 2031 194 24 Venusreichs:
1612 2032 111 23 Giostra
1742 2033 22 26 I,
1788 2039 56 21 109,
1872 2032 90 24 zitiert
1992 2040 56 15 von
2071 2034 136 31 Warburg

1388 2074 23 15 a.
1425 2074 24 15 a.
1462 2067 32 22 O.
1515 2067 27 23 S.
1554 2074 42 23 30.

1468 2102 24 30 3)
1510 2101 161 31 Schubring,
1696 2102 121 27 Cassoni,
1842 2103 47 23 Nr.
1901 2109 60 24 917,
1980 2104 94 29 Suppl.
2091 2104 60 23 Taf.
2169 2105 36 23 X.

1387 2137 119 30 Daphne
1525 2137 41 24 als
1580 2145 100 22 ganze
1695 2138 183 24 menschliche
1893 2138 83 30 Figur
1990 2141 26 24 4-
2032 2139 91 23 Baum
2139 2140 67 30 (also

1386 2172 39 22 im
1436 2173 84 22 Sinne
1535 2180 56 16 von
1606 2174 71 22 Abb.
1690 2173 25 30 9)
1732 2174 108 22 kommt
1855 2181 50 15 vor
1920 2174 30 24 in
1964 2174 91 23 einem
2065 2176 129 23 Petrarca­

1386 2208 91 22 kodex
1503 2208 63 30 (vgl.
1586 2209 70 22 Abb.
1678 2209 23 29 1)
1731 2216 50 15 aus
1806 2208 194 25 Strozzibesitz
2026 2210 29 22 in
2074 2211 48 22 der
2140 2211 54 23 Ver­

1386 2243 156 30 steigerung
1560 2244 41 22 De
1617 2244 121 26 Marinis,
1756 2244 123 23 Mailand
1896 2245 57 23 Mai
1972 2252 66 22 1925
2056 2247 13 21 I
2086 2246 48 22 Nr.
2154 2247 50 30 287

1386 2279 67 21 Tav.
1466 2279 100 23 LXVI.
1583 2279 61 22 Den
1654 2279 164 23 nordischen
1827 2279 95 31 Typus
1933 2288 49 15 aus
1992 2281 213 24 menschlichem

1386 2313 106 30 Rumpf
1516 2314 57 23 und
1599 2314 184 30 Baumwipfel
1807 2315 73 23 habe
1903 2315 46 24 ich
1973 2317 30 22 in
2029 2316 101 23 Italien
2151 2324 52 16 nur

1384 2348 102 23 einmal
1513 2349 57 23 und
1603 2356 35 16 an
1666 2351 243 30 untergeordneter
1938 2351 83 23 Stelle
2054 2351 147 31 gefunden:

1383 2384 30 22 in
1434 2384 154 23 Botticellis
1607 2384 205 31 Verleumdung
1839 2386 49 23 des
1912 2387 111 29 Apelles
2044 2386 41 24 als
2100 2387 90 23 Wand­

1383 2419 84 26 relief,
1479 2419 91 24 direkt
1579 2420 72 22 links
1664 2428 56 15 von
1737 2421 48 22 der
1798 2420 109 25 Veritas
1923 2421 144 30 (Textabb.
2081 2421 38 30 2);
2139 2421 50 24 frei­

1382 2454 56 23 lich
1453 2454 37 22 ist
1506 2455 71 23 auch
1594 2455 58 22 hier
1675 2456 48 22 der
1739 2455 184 25 menschliche
1942 2457 75 30 Kopf
2042 2459 80 20 unter
2138 2457 63 23 dem

1385 2490 85 22 Geäst
1484 2490 71 23 noch
1569 2490 175 24 feststellbar.
1756 2492 35 22 H.
1805 2491 102 29 Horne,
1923 2492 147 27 Botticelli,
2086 2492 115 24 London

1385 2525 74 27 1908,
1484 2525 25 23 S.
1523 2525 86 30 25öff.

1008 2523 136 24 Textabb.
1156 2531 25 15 2.
