2409 3159
827 328 40 29 26
1369 339 131 24 Bildliche
1515 341 204 31 Darstellungen
1735 343 29 22 in
1779 343 152 23 Mittelalter
1945 345 56 21 und
2016 345 179 24 Renaissance

825 397 239 39 interpretieren
1084 398 32 30 in
1136 400 119 28 diesem
1273 401 85 28 Falle
1379 402 75 28 zwei
1474 402 267 31 verschiedene
1763 405 144 28 Phasen
1928 407 54 27 der
2003 406 191 40 Erzählung,

826 441 137 31 nämlich
983 442 157 35 „Flucht“
1161 444 66 28 und
1245 445 285 39 „Verwandlung“.
1551 448 85 28 Aber
1655 448 67 29 dies
1740 449 42 28 ist
1801 448 191 39 keineswegs
2009 450 112 30 immer
2141 453 55 28 der

825 485 77 34 Fall,
922 486 67 28 und
1006 496 48 18 wo
1072 496 60 20 nur
1150 488 80 28 eine
1250 489 204 38 Darstellung
1471 490 55 29 des
1544 492 267 29 entscheidenden
1829 492 213 38 Augenblicks
2060 495 54 29 der
2135 496 45 28 Ge­

825 528 138 31 schichte
981 530 32 27 in
1032 531 98 38 Frage
1149 532 133 34 kommt,
1301 533 79 28 wird
1397 533 50 28 die
1465 534 233 39 Verwandlung
1715 537 31 27 in
1766 537 54 27 der
1841 537 96 37 Regel
1955 537 80 28 auch
2054 537 71 30 dort
2144 549 36 27 ge­

824 573 92 38 zeigt,
933 583 47 19 wo
995 574 86 37 jener
1097 575 147 29 Abstand
1258 576 153 29 zwischen
1428 577 60 29 den
1504 577 136 39 Figuren
1655 579 202 30 beibehalten
1873 580 88 34 wird,
1979 580 29 28 d.
2022 581 30 28 h.
2069 590 33 19 es
2117 583 78 28 wird

825 617 84 28 dann
925 618 68 28 eine
1010 619 59 27 Art
1087 628 63 19 von
1168 620 228 29 Kombination
1414 621 54 28 der
1485 621 75 30 zwei
1576 624 116 27 soeben
1708 624 227 38 geschiedenen
1953 624 242 39 Darstellungen

822 661 149 38 gegeben.
981 662 46 28 Es
1033 662 43 28 ist
1086 662 114 38 jedoch
1208 663 73 28 kein
1290 664 135 34 Zweifel,
1440 665 63 28 daß
1513 666 83 29 diese
1607 668 97 27 Form
1712 668 135 37 weniger
1856 670 158 36 prägnant
2031 668 88 30 nicht
2136 680 60 18 nur

823 705 45 29 im
883 705 94 29 Sinne
992 706 54 28 der
1064 707 278 38 psychologischen
1357 709 175 37 Erfassung
1546 711 55 27 der
1615 711 98 29 Szene
1726 712 33 28 in
1776 712 133 29 Absicht
1924 712 56 29 auf
1994 712 57 28 das
2070 711 113 39 Schlag­

824 749 343 39 kräftig-Momentane,
1186 752 135 28 sondern
1338 753 81 28 auch
1437 753 44 27 im
1500 753 94 30 Sinne
1612 755 56 28 der
1685 756 154 28 formalen
1860 755 272 31 Geschlossenheit
2150 767 32 18 er­

823 793 131 35 scheint,
975 794 46 28 als
1039 794 50 28 die
1109 795 123 28 stärker
1250 795 339 36 zusammenfassende,
1610 799 67 27 und
1695 809 32 19 es
1746 799 40 29 ist
1806 800 88 28 nicht
1914 800 198 35 wunderbar,
2133 800 63 30 daß

824 835 43 29 sie
891 836 271 40 vorzugsweise
1186 839 33 27 in
1243 839 55 28 der
1324 840 244 30 Illustration
1592 842 55 28 der
1673 842 157 38 Folgezeit
1855 843 185 35 weiterlebt,
2066 844 50 29 die
2141 845 56 29 auf

824 880 186 29 Lockerkeit
1029 881 32 28 in
1080 881 159 29 zeitlicher
1258 883 66 28 und
1343 884 147 28 formaler
1510 885 149 29 Hinsicht
1678 886 170 38 gleichsam
1867 888 167 38 Anspruch
2053 888 57 29 hat
2130 888 66 29 und

823 924 117 29 behält.
957 925 215 29 Andererseits
1185 926 42 28 ist
1242 927 50 27 die
1309 927 129 37 Gruppe
1453 928 55 29 der
1522 929 123 29 stärker
1660 931 55 28 auf
1731 930 272 31 Geschlossenheit
2018 932 177 29 bedachten

824 968 242 38 Darstellungen
1084 969 307 39 begreiflicherweise
1410 972 32 27 in
1460 971 150 30 höherem
1628 974 93 28 Maße
1740 974 49 29 die
1809 974 198 31 Vorläuferin
2026 976 54 28 der
2098 976 80 29 selb­

825 1012 198 38 ständigen
1044 1013 357 38 Bildgestaltungen
1425 1015 55 28 der
1500 1015 167 39 Folgezeit,
1695 1018 50 28 die
1765 1018 117 29 sowohl
1902 1020 55 28 auf
1976 1020 139 29 stärkere
2136 1021 46 28 Zu­

822 1056 148 38 spitzung
988 1056 50 28 ins
1055 1056 201 29 Momentane
1273 1057 58 29 wie
1347 1059 57 27 auf
1419 1059 90 28 mehr
1525 1059 194 39 bildmäßige
1736 1061 224 39 Komposition
1975 1064 138 29 bedacht
2129 1065 67 28 sein

823 1100 65 27 und
902 1100 102 34 dafür,
1019 1100 57 28 wie
1090 1109 39 19 zu
1142 1100 107 37 zeigen
1263 1101 65 28 sein
1342 1102 87 33 wird,
1445 1111 57 19 aus
1516 1103 54 28 der
1585 1103 182 40 Erzählung
1780 1106 81 28 auch
1875 1107 80 28 noch
1970 1108 113 27 andere
2099 1107 83 29 Hilfs­

823 1143 103 29 kräfte
941 1143 209 30 heranziehen
1165 1144 92 28 wird:
1275 1144 50 29 Im
1340 1146 277 30 Farnesinafresko
1635 1148 93 38 (Abb.
1744 1148 60 38 20),
1820 1149 33 28 in
1869 1150 73 28 dem
1955 1168 41 2 —
2009 1161 64 18 von
2090 1151 106 29 Gotha

826 1187 91 37 (Abb.
934 1187 48 37 11)
1003 1188 56 26 her
1079 1186 78 29 über
1178 1188 172 28 Pollaiuolo
1377 1189 92 37 (Abb.
1487 1189 59 38 17),
1573 1200 55 19 um
1646 1201 61 19 nur
1728 1192 49 28 die
1799 1193 236 38 Hauptpunkte
2056 1204 38 19 zu
2115 1205 68 18 mar­

823 1231 106 29 kieren
945 1248 41 2 —
1001 1230 84 28 diese
1104 1230 162 38 Richtung
1282 1232 157 38 vorläufig
1455 1233 122 38 gipfelt,
1595 1235 89 28 harrt
1702 1235 97 30 schon
1816 1236 49 28 die
1884 1237 95 38 Figur
1996 1239 55 28 des
2068 1238 130 30 Peneios

820 1275 85 27 ihrer
923 1273 214 30 kommenden
1156 1275 220 38 Verwendung
1393 1277 46 27 im
1457 1277 132 30 Dienste
1609 1279 57 28 der
1685 1278 280 42 „Komposition“.

902 1317 96 29 Beide
1012 1317 201 39 Richtungen
1225 1319 76 28 aber
1312 1321 70 28 sind
1394 1338 41 2 —
1445 1321 66 29 und
1523 1323 57 27 das
1593 1323 77 28 muß
1682 1324 81 29 noch
1776 1324 222 31 ausdrücklich
2009 1326 188 39 festgestellt

823 1361 124 30 werden
968 1379 40 2 —
1027 1361 59 29 seit
1108 1362 73 29 dem
1202 1363 122 38 Beginn
1345 1364 55 29 des
1426 1365 232 39 Quattrocento
1679 1367 197 31 untrennbar
1896 1369 169 38 gebunden
2085 1380 41 19 an
2147 1371 50 28 die

823 1405 243 29 Landschaft.
1086 1406 76 29 Dies
1179 1407 58 37 gilt
1255 1408 33 37 ja
1306 1409 51 28 für
1375 1409 50 28 die
1444 1409 97 30 Fabel
1558 1411 99 29 selbst
1675 1411 32 30 in
1725 1412 260 31 entscheidender
2003 1414 111 35 Weise,
2134 1425 64 18 was

823 1450 74 27 aber
925 1450 49 28 die
1003 1449 131 30 antiken
1156 1452 244 38 Darstellungen
1421 1453 89 30 nicht
1530 1455 167 35 hinderte/
1716 1466 64 19 von
1800 1457 84 28 ihrer
1905 1458 206 39 Wiedergabe
2133 1459 65 29 fast

820 1493 112 30 restlos
946 1493 194 35 abzusehen;
1156 1496 66 28 und
1236 1496 81 29 auch
1332 1497 44 28 im
1393 1505 45 29 14.
1455 1498 220 38 Jahrhundert
1691 1509 64 20 war
1770 1501 65 28 dies
1851 1501 136 39 möglich
2004 1502 93 37 (Abb.
2111 1512 28 27 3,
2154 1503 41 37 5).

822 1538 43 27 Es
880 1537 43 29 ist
941 1538 158 28 durchaus
1115 1540 278 29 charakteristisch
1417 1542 50 27 für
1484 1542 57 29 das
1558 1544 182 30 Verhältnis
1763 1545 54 28 der
1834 1545 284 31 Frührenaissance
2141 1557 56 19 zur

823 1582 127 35 Antike,
969 1583 62 28 daß
1049 1583 44 28 sie
1111 1585 82 28 auch
1211 1585 51 28 bei
1280 1586 204 38 Darstellung
1501 1588 55 29 der
1574 1589 341 39 Daphne-Geschichte
1933 1591 107 28 antike
2060 1592 138 37 Körper-

822 1625 66 29 und
909 1627 435 41 Gewand-Formulierungen
1363 1631 159 29 bisweilen
1542 1636 186 27 verwertete
1750 1635 92 37 (Abb.
1858 1642 47 29 15,
1926 1643 49 26 20,
1995 1643 49 25 22,
2065 1643 48 29 23,
2134 1636 62 37 28),

822 1670 63 28 daß
902 1670 45 29 sie
965 1671 76 28 aber
1058 1672 98 29 selbst
1174 1673 46 27 im
1237 1674 86 29 Falle
1341 1676 228 29 statuarischer
1588 1677 88 37 (oder
1694 1677 384 40 pseudo-statuarischer),
2097 1679 100 29 durch

823 1714 48 28 die
895 1714 118 29 Antike
1037 1715 165 40 bedingter
1228 1717 161 39 Formung
1412 1719 55 29 des
1491 1720 137 29 Themas
1656 1722 92 37 (Abb.
1763 1723 49 37 23)
1838 1723 51 28 bei
1913 1723 54 28 der
1991 1723 205 38 Wiedergabe

822 1758 100 30 dieser
945 1759 130 37 Gruppe
1096 1760 45 29 im
1165 1761 87 28 Stich
1274 1761 49 29 die
1346 1763 199 39 Einstellung
1565 1765 32 28 in
1619 1765 51 29 die
1693 1765 232 31 Landschaft
1948 1766 46 29 als
2015 1767 183 38 notwendig

822 1802 161 38 empfand.

1419 2392 138 23 Textabb.
1569 2401 25 21 4.
