<?xml version="1.0" encoding="UTF-8" standalone="yes"?>
<alto xmlns="http://www.loc.gov/standards/alto/ns-v2#" xmlns:xlink="http://www.w3.org/1999/xlink" xmlns:xsi="http://www.w3.org/2001/XMLSchema-instance" xsi:schemaLocation="http://www.loc.gov/standards/alto/ns-v2# http://www.loc.gov/standards/alto/alto-v2.0.xsd">
<Description>
<MeasurementUnit>pixel</MeasurementUnit>
<OCRProcessing ID="IdOcr"><ocrProcessingStep><processingDateTime>2018-03-22</processingDateTime><processingSoftware><softwareCreator>ABBYY</softwareCreator><softwareName>ABBYY FineReader Engine</softwareName><softwareVersion>11</softwareVersion></processingSoftware></ocrProcessingStep></OCRProcessing>
</Description>
<Styles>
</Styles>
<Layout>
<Page ID="Page1" PHYSICAL_IMG_NR="1" HEIGHT="3159" WIDTH="2464">
<TopMargin HEIGHT="419" WIDTH="2464" VPOS="0" HPOS="0">
<ComposedBlock ID="Page1_Block1" HEIGHT="56" WIDTH="1385" VPOS="358" HPOS="176" TYPE="container"><Shape><Polygon POINTS="203,369 1587,369 1587,414 203,414 203,369"/></Shape>
<TextBlock ID="Page1_Block2" HEIGHT="44" WIDTH="608" VPOS="362" HPOS="176" language="de"><Shape><Polygon POINTS="203,369 811,369 811,406 203,406 203,369"/></Shape>
<TextLine HEIGHT="32" WIDTH="597" VPOS="367" HPOS="181"><String WC="1." CONTENT="Die" HEIGHT="24" WIDTH="52" VPOS="374" HPOS="181"/><SP WIDTH="18" VPOS="374" HPOS="234"/><String WC="0.5960000157" CONTENT="Miniaturen" HEIGHT="26" WIDTH="168" VPOS="371" HPOS="253"/><SP WIDTH="17" VPOS="372" HPOS="422"/><String WC="1." CONTENT="in" HEIGHT="22" WIDTH="30" VPOS="372" HPOS="440"/><SP WIDTH="22" VPOS="372" HPOS="471"/><String WC="0.7785714269" CONTENT="Brüssel" HEIGHT="25" WIDTH="110" VPOS="369" HPOS="494"/><SP WIDTH="17" VPOS="369" HPOS="605"/><String WC="0.7466666698" CONTENT="und" HEIGHT="22" WIDTH="56" VPOS="369" HPOS="623"/><SP WIDTH="15" VPOS="369" HPOS="680"/><String WC="0.7239999771" CONTENT="Gotha" HEIGHT="24" WIDTH="82" VPOS="368" HPOS="696"/></TextLine>
</TextBlock>
<TextBlock ID="Page1_Block3" HEIGHT="42" WIDTH="51" VPOS="361" HPOS="1510" language="de">
<TextLine HEIGHT="30" WIDTH="39" VPOS="367" HPOS="1516"><String WC="0.4199999869" CONTENT="17" HEIGHT="30" WIDTH="39" VPOS="367" HPOS="1516"/></TextLine>
</TextBlock></ComposedBlock><GraphicalElement ID="Page1_Block4" HEIGHT="14" WIDTH="1373" VPOS="401" HPOS="181"/>
</TopMargin>
<LeftMargin HEIGHT="2220" WIDTH="175" VPOS="419" HPOS="0">
</LeftMargin>
<RightMargin HEIGHT="2220" WIDTH="869" VPOS="419" HPOS="1595">
</RightMargin>
<BottomMargin HEIGHT="520" WIDTH="2464" VPOS="2639" HPOS="0">
</BottomMargin>
<PrintSpace HEIGHT="2220" WIDTH="1420" VPOS="419" HPOS="175">
<TextBlock ID="Page1_Block5" HEIGHT="2220" WIDTH="1419" VPOS="419" HPOS="175" language="de"><Shape><Polygon POINTS="201,430 1600,430 1600,2526 936,2526 936,2527 935,2527 935,2642 201,2642 201,430"/></Shape>
<TextLine HEIGHT="55" WIDTH="1375" VPOS="423" HPOS="182"><String WC="0.8566666842" CONTENT="hat" HEIGHT="28" WIDTH="56" VPOS="438" HPOS="182"/><SP WIDTH="13" VPOS="437" HPOS="239"/><String WC="0.9100000262" CONTENT="jede" HEIGHT="38" WIDTH="71" VPOS="436" HPOS="253"/><SP WIDTH="14" VPOS="437" HPOS="325"/><String WC="0.6933333278" CONTENT="der" HEIGHT="28" WIDTH="55" VPOS="437" HPOS="340"/><SP WIDTH="13" VPOS="436" HPOS="396"/><String WC="1." CONTENT="drei" HEIGHT="30" WIDTH="67" VPOS="434" HPOS="410"/><SP WIDTH="14" VPOS="434" HPOS="478"/><String WC="0.8877778053" CONTENT="„fabulae“" HEIGHT="38" WIDTH="168" VPOS="430" HPOS="493"/><SP WIDTH="16" VPOS="430" HPOS="662"/><String WC="1." CONTENT="des" HEIGHT="28" WIDTH="54" VPOS="431" HPOS="679"/><SP WIDTH="13" VPOS="431" HPOS="734"/><String WC="1." CONTENT="Textes," HEIGHT="35" WIDTH="126" VPOS="430" HPOS="748"/><SP WIDTH="13" VPOS="430" HPOS="875"/><String WC="0.9900000095" CONTENT="in" HEIGHT="27" WIDTH="33" VPOS="430" HPOS="889"/><SP WIDTH="15" VPOS="430" HPOS="923"/><String WC="0.853333354" CONTENT="die" HEIGHT="28" WIDTH="49" VPOS="430" HPOS="939"/><SP WIDTH="14" VPOS="430" HPOS="989"/><String WC="1." CONTENT="die" HEIGHT="27" WIDTH="50" VPOS="430" HPOS="1004"/><SP WIDTH="14" VPOS="431" HPOS="1055"/><String WC="0.777777791" CONTENT="Erzählung" HEIGHT="39" WIDTH="182" VPOS="429" HPOS="1070"/><SP WIDTH="12" VPOS="430" HPOS="1253"/><String WC="1." CONTENT="bei" HEIGHT="27" WIDTH="51" VPOS="430" HPOS="1266"/><SP WIDTH="14" VPOS="430" HPOS="1318"/><String WC="0.6162499785" CONTENT="Berguire" HEIGHT="40" WIDTH="145" VPOS="428" HPOS="1333"/><SP WIDTH="14" VPOS="440" HPOS="1479"/><String WC="1." CONTENT="zer" HEIGHT="18" WIDTH="50" VPOS="439" HPOS="1494" SUBS_TYPE="HypPart1" SUBS_CONTENT="zerlegt"/><HYP CONTENT="­"/></TextLine>
<TextLine HEIGHT="55" WIDTH="1377" VPOS="467" HPOS="181"><String WC="0.6575000286" CONTENT="legt" HEIGHT="38" WIDTH="65" VPOS="481" HPOS="181" SUBS_TYPE="HypPart2" SUBS_CONTENT="zerlegt"/><SP WIDTH="15" VPOS="481" HPOS="247"/><String WC="0.9624999762" CONTENT="ist," HEIGHT="35" WIDTH="52" VPOS="480" HPOS="263"/><SP WIDTH="14" VPOS="480" HPOS="316"/><String WC="0.7925000191" CONTENT="ihre" HEIGHT="30" WIDTH="69" VPOS="479" HPOS="331"/><SP WIDTH="17" VPOS="479" HPOS="401"/><String WC="0.9811111093" CONTENT="Miniatur." HEIGHT="30" WIDTH="160" VPOS="476" HPOS="419"/><SP WIDTH="18" VPOS="476" HPOS="580"/><String WC="0.9566666484" CONTENT="Die" HEIGHT="29" WIDTH="58" VPOS="474" HPOS="599"/><SP WIDTH="16" VPOS="484" HPOS="658"/><String WC="1." CONTENT="erste" HEIGHT="25" WIDTH="81" VPOS="477" HPOS="675"/><SP WIDTH="16" VPOS="483" HPOS="757"/><String WC="0.9588888884" CONTENT="schildert" HEIGHT="28" WIDTH="149" VPOS="473" HPOS="774"/><SP WIDTH="17" VPOS="473" HPOS="924"/><String WC="1." CONTENT="im" HEIGHT="27" WIDTH="45" VPOS="473" HPOS="942"/><SP WIDTH="15" VPOS="473" HPOS="988"/><String WC="0.853333354" CONTENT="Vordergrund," HEIGHT="40" WIDTH="233" VPOS="471" HPOS="1004"/><SP WIDTH="17" VPOS="483" HPOS="1238"/><String WC="1." CONTENT="wie" HEIGHT="28" WIDTH="57" VPOS="473" HPOS="1256"/><SP WIDTH="16" VPOS="474" HPOS="1314"/><String WC="0.9683333039" CONTENT="Apollo" HEIGHT="40" WIDTH="111" VPOS="472" HPOS="1331"/><SP WIDTH="18" VPOS="472" HPOS="1443"/><String WC="0.9039999843" CONTENT="(gold" HEIGHT="38" WIDTH="83" VPOS="472" HPOS="1462" SUBS_TYPE="HypPart1" SUBS_CONTENT="(goldfarben"/><HYP CONTENT="­"/></TextLine>
<TextLine HEIGHT="54" WIDTH="1377" VPOS="510" HPOS="182"><String WC="0.9150000215" CONTENT="farben" HEIGHT="29" WIDTH="113" VPOS="525" HPOS="182" SUBS_TYPE="HypPart2" SUBS_CONTENT="(goldfarben"/><SP WIDTH="20" VPOS="534" HPOS="295"/><String WC="0.6666666865" CONTENT="mit" HEIGHT="27" WIDTH="61" VPOS="525" HPOS="314"/><SP WIDTH="22" VPOS="523" HPOS="374"/><String WC="0.8093333244" CONTENT="Strahlenglorie)" HEIGHT="42" WIDTH="255" VPOS="517" HPOS="395"/><SP WIDTH="21" VPOS="517" HPOS="650"/><String WC="0.8566666842" CONTENT="und" HEIGHT="28" WIDTH="67" VPOS="518" HPOS="671"/><SP WIDTH="18" VPOS="518" HPOS="738"/><String WC="0.8949999809" CONTENT="Daphne" HEIGHT="38" WIDTH="138" VPOS="517" HPOS="756"/><SP WIDTH="21" VPOS="516" HPOS="894"/><String WC="0.928888917" CONTENT="(blaßrosa" HEIGHT="38" WIDTH="162" VPOS="515" HPOS="915"/><SP WIDTH="17" VPOS="526" HPOS="1077"/><String WC="0.9160000086" CONTENT="gekleidet)" HEIGHT="39" WIDTH="169" VPOS="515" HPOS="1094"/><SP WIDTH="20" VPOS="516" HPOS="1263"/><String WC="0.8199999928" CONTENT="gerade" HEIGHT="38" WIDTH="114" VPOS="516" HPOS="1283"/><SP WIDTH="18" VPOS="527" HPOS="1397"/><String WC="1." CONTENT="von" HEIGHT="19" WIDTH="64" VPOS="526" HPOS="1415"/><SP WIDTH="19" VPOS="517" HPOS="1479"/><String WC="1." CONTENT="den" HEIGHT="28" WIDTH="61" VPOS="517" HPOS="1498"/></TextLine>
<TextLine HEIGHT="52" WIDTH="1376" VPOS="555" HPOS="184"><String WC="1." CONTENT="beiden" HEIGHT="30" WIDTH="113" VPOS="568" HPOS="184"/><SP WIDTH="28" VPOS="578" HPOS="298"/><String WC="0.9376922846" CONTENT="verschiedenen" HEIGHT="33" WIDTH="241" VPOS="564" HPOS="327"/><SP WIDTH="25" VPOS="563" HPOS="569"/><String WC="0.8671428561" CONTENT="Pfeilen" HEIGHT="28" WIDTH="118" VPOS="562" HPOS="595"/><SP WIDTH="25" VPOS="562" HPOS="713"/><String WC="0.8899999857" CONTENT="Amors" HEIGHT="29" WIDTH="115" VPOS="561" HPOS="738"/><SP WIDTH="33" VPOS="560" HPOS="853"/><String WC="1." CONTENT="(dem" HEIGHT="36" WIDTH="86" VPOS="560" HPOS="886"/><SP WIDTH="23" VPOS="561" HPOS="972"/><String WC="1." CONTENT="Text" HEIGHT="27" WIDTH="82" VPOS="560" HPOS="996"/><SP WIDTH="22" VPOS="562" HPOS="1079"/><String WC="0.9900000095" CONTENT="entsprechend" HEIGHT="38" WIDTH="230" VPOS="559" HPOS="1102"/><SP WIDTH="22" VPOS="559" HPOS="1333"/><String WC="0.8000000119" CONTENT="golden" HEIGHT="37" WIDTH="112" VPOS="559" HPOS="1356"/><SP WIDTH="25" VPOS="569" HPOS="1469"/><String WC="0.9200000167" CONTENT="und" HEIGHT="27" WIDTH="65" VPOS="561" HPOS="1495"/></TextLine>
<TextLine HEIGHT="52" WIDTH="1376" VPOS="598" HPOS="184"><String WC="0.7928571701" CONTENT="bleiern" HEIGHT="30" WIDTH="118" VPOS="612" HPOS="184"/><SP WIDTH="21" VPOS="622" HPOS="303"/><String WC="0.84375" CONTENT="gefärbt)" HEIGHT="39" WIDTH="137" VPOS="609" HPOS="325"/><SP WIDTH="16" VPOS="609" HPOS="463"/><String WC="0.9088888764" CONTENT="getroffen" HEIGHT="40" WIDTH="155" VPOS="606" HPOS="480"/><SP WIDTH="16" VPOS="615" HPOS="636"/><String WC="0.9914285541" CONTENT="werden," HEIGHT="34" WIDTH="135" VPOS="604" HPOS="653"/><SP WIDTH="16" VPOS="604" HPOS="789"/><String WC="1." CONTENT="im" HEIGHT="28" WIDTH="45" VPOS="604" HPOS="806"/><SP WIDTH="15" VPOS="605" HPOS="852"/><String WC="0.7727272511" CONTENT="Hintergrund" HEIGHT="39" WIDTH="220" VPOS="602" HPOS="868"/><SP WIDTH="16" VPOS="603" HPOS="1088"/><String WC="0.8866666555" CONTENT="die" HEIGHT="29" WIDTH="50" VPOS="602" HPOS="1104"/><SP WIDTH="18" VPOS="602" HPOS="1154"/><String WC="0.8711764812" CONTENT="Pythongeschichte;" HEIGHT="42" WIDTH="320" VPOS="599" HPOS="1172"/><SP WIDTH="17" VPOS="604" HPOS="1493"/><String WC="1." CONTENT="die" HEIGHT="28" WIDTH="49" VPOS="604" HPOS="1511"/></TextLine>
<TextLine HEIGHT="52" WIDTH="1377" VPOS="642" HPOS="185"><String WC="0.9383333325" CONTENT="zweite" HEIGHT="28" WIDTH="109" VPOS="658" HPOS="185"/><SP WIDTH="15" VPOS="656" HPOS="294"/><String WC="0.8700000048" CONTENT="(Abb." HEIGHT="38" WIDTH="93" VPOS="655" HPOS="309"/><SP WIDTH="15" VPOS="662" HPOS="403"/><String WC="0.7866666913" CONTENT="io)" HEIGHT="37" WIDTH="48" VPOS="653" HPOS="418"/><SP WIDTH="13" VPOS="653" HPOS="466"/><String WC="0.6374999881" CONTENT="gibt" HEIGHT="39" WIDTH="69" VPOS="651" HPOS="479"/><SP WIDTH="12" VPOS="650" HPOS="548"/><String WC="1." CONTENT="in" HEIGHT="28" WIDTH="33" VPOS="650" HPOS="560"/><SP WIDTH="11" VPOS="659" HPOS="594"/><String WC="1." CONTENT="ganz" HEIGHT="28" WIDTH="80" VPOS="658" HPOS="606"/><SP WIDTH="10" VPOS="659" HPOS="687"/><String WC="0.7310000062" CONTENT="singulärer" HEIGHT="38" WIDTH="176" VPOS="648" HPOS="697"/><SP WIDTH="11" VPOS="647" HPOS="873"/><String WC="1." CONTENT="Weise" HEIGHT="28" WIDTH="104" VPOS="647" HPOS="884"/><SP WIDTH="12" VPOS="647" HPOS="988"/><String WC="0.9333333373" CONTENT="die" HEIGHT="28" WIDTH="51" VPOS="646" HPOS="1000"/><SP WIDTH="13" VPOS="647" HPOS="1051"/><String WC="0.8188235164" CONTENT="Doppeldarstellung" HEIGHT="42" WIDTH="322" VPOS="644" HPOS="1064"/><SP WIDTH="12" VPOS="647" HPOS="1386"/><String WC="1." CONTENT="der" HEIGHT="28" WIDTH="55" VPOS="647" HPOS="1398"/><SP WIDTH="12" VPOS="656" HPOS="1454"/><String WC="0.9250000119" CONTENT="„Ver" HEIGHT="33" WIDTH="82" VPOS="647" HPOS="1466" SUBS_TYPE="HypPart1" SUBS_CONTENT="„Verfolgung“"/><HYP CONTENT="­"/></TextLine>
<TextLine HEIGHT="54" WIDTH="1377" VPOS="686" HPOS="185"><String WC="0.7037500143" CONTENT="folgung“" HEIGHT="40" WIDTH="151" VPOS="700" HPOS="185" SUBS_TYPE="HypPart2" SUBS_CONTENT="„Verfolgung“"/><SP WIDTH="17" VPOS="700" HPOS="337"/><String WC="0.7440000176" CONTENT="links" HEIGHT="28" WIDTH="84" VPOS="698" HPOS="355"/><SP WIDTH="16" VPOS="707" HPOS="440"/><String WC="0.9066666961" CONTENT="und" HEIGHT="28" WIDTH="65" VPOS="696" HPOS="457"/><SP WIDTH="18" VPOS="694" HPOS="523"/><String WC="0.8799999952" CONTENT="der" HEIGHT="28" WIDTH="54" VPOS="694" HPOS="542"/><SP WIDTH="18" VPOS="703" HPOS="597"/><String WC="0.9200000167" CONTENT="von" HEIGHT="20" WIDTH="63" VPOS="702" HPOS="616"/><SP WIDTH="17" VPOS="693" HPOS="680"/><String WC="1." CONTENT="dem" HEIGHT="29" WIDTH="74" VPOS="692" HPOS="698"/><SP WIDTH="16" VPOS="702" HPOS="773"/><String WC="0.8809999824" CONTENT="machtlosen" HEIGHT="29" WIDTH="198" VPOS="691" HPOS="790"/><SP WIDTH="17" VPOS="690" HPOS="989"/><String WC="0.8483333588" CONTENT="Apollo" HEIGHT="38" WIDTH="114" VPOS="689" HPOS="1007"/><SP WIDTH="17" VPOS="699" HPOS="1122"/><String WC="0.9030769467" CONTENT="miterblickten" HEIGHT="32" WIDTH="235" VPOS="687" HPOS="1140"/><SP WIDTH="18" VPOS="689" HPOS="1376"/><String WC="0.9957143068" CONTENT="Verwand" HEIGHT="31" WIDTH="154" VPOS="688" HPOS="1395" SUBS_TYPE="HypPart1" SUBS_CONTENT="Verwandlung"/><HYP CONTENT="­"/></TextLine>
<TextLine HEIGHT="55" WIDTH="1378" VPOS="729" HPOS="185"><String WC="0.6899999976" CONTENT="lung" HEIGHT="38" WIDTH="78" VPOS="746" HPOS="185" SUBS_TYPE="HypPart2" SUBS_CONTENT="Verwandlung"/><SP WIDTH="15" VPOS="746" HPOS="263"/><String WC="0.9128571153" CONTENT="Daphnes" HEIGHT="39" WIDTH="153" VPOS="742" HPOS="278"/><SP WIDTH="15" VPOS="741" HPOS="431"/><String WC="0.9060000181" CONTENT="durch" HEIGHT="30" WIDTH="99" VPOS="738" HPOS="447"/><SP WIDTH="16" VPOS="738" HPOS="547"/><String WC="1." CONTENT="die" HEIGHT="27" WIDTH="50" VPOS="738" HPOS="564"/><SP WIDTH="19" VPOS="738" HPOS="615"/><String WC="0.9160000086" CONTENT="(blau" HEIGHT="37" WIDTH="88" VPOS="737" HPOS="634"/><SP WIDTH="14" VPOS="746" HPOS="722"/><String WC="0.9463636279" CONTENT="gekleidete)" HEIGHT="40" WIDTH="189" VPOS="734" HPOS="736"/><SP WIDTH="19" VPOS="734" HPOS="925"/><String WC="0.9314285517" CONTENT="Tellus," HEIGHT="35" WIDTH="140" VPOS="734" HPOS="944"/><SP WIDTH="17" VPOS="735" HPOS="1085"/><String WC="1." CONTENT="die" HEIGHT="29" WIDTH="49" VPOS="733" HPOS="1103"/><SP WIDTH="16" VPOS="734" HPOS="1153"/><String WC="0.8333333135" CONTENT="der" HEIGHT="27" WIDTH="55" VPOS="734" HPOS="1170"/><SP WIDTH="15" VPOS="733" HPOS="1226"/><String WC="1." CONTENT="Text" HEIGHT="28" WIDTH="81" VPOS="733" HPOS="1242"/><SP WIDTH="15" VPOS="733" HPOS="1324"/><String WC="0.8000000119" CONTENT="im" HEIGHT="28" WIDTH="45" VPOS="733" HPOS="1340"/><SP WIDTH="14" VPOS="733" HPOS="1386"/><String WC="0.8874999881" CONTENT="Anschluß" HEIGHT="30" WIDTH="161" VPOS="732" HPOS="1401"/></TextLine>
<TextLine HEIGHT="56" WIDTH="1377" VPOS="769" HPOS="187"><String WC="0.6600000262" CONTENT="an" HEIGHT="19" WIDTH="41" VPOS="799" HPOS="187"/><SP WIDTH="14" VPOS="800" HPOS="229"/><String WC="1." CONTENT="eine" HEIGHT="28" WIDTH="68" VPOS="789" HPOS="244"/><SP WIDTH="14" VPOS="797" HPOS="313"/><String WC="1." CONTENT="apokryphe" HEIGHT="40" WIDTH="185" VPOS="784" HPOS="328"/><SP WIDTH="16" VPOS="783" HPOS="514"/><String WC="0.8522222042" CONTENT="Ovid-Überlieferung" HEIGHT="45" WIDTH="339" VPOS="775" HPOS="531"/><String STYLE="superscript" WC="0.2300000042" CONTENT="x" HEIGHT="17" WIDTH="11" VPOS="778" HPOS="877"/><String WC="1." CONTENT=")" HEIGHT="38" WIDTH="10" VPOS="778" HPOS="890"/><SP WIDTH="21" VPOS="778" HPOS="901"/><String WC="0.9937499762" CONTENT="erzählt;" HEIGHT="34" WIDTH="137" VPOS="778" HPOS="923"/><SP WIDTH="23" VPOS="778" HPOS="1061"/><String WC="1." CONTENT="die" HEIGHT="29" WIDTH="50" VPOS="777" HPOS="1085"/><SP WIDTH="15" VPOS="778" HPOS="1136"/><String WC="1." CONTENT="dritte" HEIGHT="28" WIDTH="96" VPOS="777" HPOS="1152"/><SP WIDTH="17" VPOS="777" HPOS="1249"/><String WC="0.9112499952" CONTENT="Miniatur" HEIGHT="30" WIDTH="150" VPOS="775" HPOS="1267"/><SP WIDTH="14" VPOS="786" HPOS="1418"/><String WC="1." CONTENT="schließ" HEIGHT="29" WIDTH="117" VPOS="776" HPOS="1433" SUBS_TYPE="HypPart1" SUBS_CONTENT="schließlich"/><HYP CONTENT="­"/></TextLine>
<TextLine HEIGHT="52" WIDTH="1378" VPOS="817" HPOS="186"><String WC="0.9599999785" CONTENT="lich" HEIGHT="27" WIDTH="62" VPOS="834" HPOS="186" SUBS_TYPE="HypPart2" SUBS_CONTENT="schließlich"/><SP WIDTH="24" VPOS="833" HPOS="249"/><String WC="0.9480000138" CONTENT="(Abb." HEIGHT="38" WIDTH="91" VPOS="831" HPOS="274"/><SP WIDTH="15" VPOS="838" HPOS="366"/><String WC="1." CONTENT="n)" HEIGHT="37" WIDTH="47" VPOS="829" HPOS="382"/><SP WIDTH="21" VPOS="829" HPOS="430"/><String WC="0.9572727084" CONTENT="illustriert" HEIGHT="30" WIDTH="166" VPOS="826" HPOS="452"/><SP WIDTH="21" VPOS="826" HPOS="619"/><String WC="1." CONTENT="die" HEIGHT="29" WIDTH="51" VPOS="825" HPOS="641"/><SP WIDTH="21" VPOS="825" HPOS="693"/><String WC="0.8587499857" CONTENT="Umarmung" HEIGHT="38" WIDTH="201" VPOS="823" HPOS="715"/><SP WIDTH="20" VPOS="822" HPOS="917"/><String WC="0.9100000262" CONTENT="der" HEIGHT="28" WIDTH="54" VPOS="822" HPOS="939"/><SP WIDTH="21" VPOS="822" HPOS="994"/><String WC="0.9416666627" CONTENT="Verwandelten" HEIGHT="30" WIDTH="241" VPOS="820" HPOS="1016"/><SP WIDTH="22" VPOS="820" HPOS="1258"/><String WC="0.7480000257" CONTENT="durch" HEIGHT="29" WIDTH="98" VPOS="819" HPOS="1281"/><SP WIDTH="21" VPOS="820" HPOS="1380"/><String WC="0.8000000119" CONTENT="den" HEIGHT="29" WIDTH="61" VPOS="819" HPOS="1402"/><SP WIDTH="21" VPOS="820" HPOS="1464"/><String WC="1." CONTENT="Ent" HEIGHT="28" WIDTH="64" VPOS="820" HPOS="1486" SUBS_TYPE="HypPart1" SUBS_CONTENT="Enttäuschten."/><HYP CONTENT="­"/></TextLine>
<TextLine HEIGHT="51" WIDTH="1380" VPOS="861" HPOS="186"><String WC="0.9670000076" CONTENT="täuschten." HEIGHT="30" WIDTH="179" VPOS="875" HPOS="186" SUBS_TYPE="HypPart2" SUBS_CONTENT="Enttäuschten."/><SP WIDTH="25" VPOS="874" HPOS="365"/><String WC="0.9359999895" CONTENT="Diese" HEIGHT="28" WIDTH="94" VPOS="873" HPOS="390"/><SP WIDTH="24" VPOS="872" HPOS="484"/><String WC="0.9384615421" CONTENT="Darstellungen" HEIGHT="39" WIDTH="247" VPOS="869" HPOS="508"/><SP WIDTH="22" VPOS="877" HPOS="755"/><String WC="1." CONTENT="zeichnen" HEIGHT="29" WIDTH="151" VPOS="867" HPOS="777"/><SP WIDTH="24" VPOS="876" HPOS="928"/><String WC="1." CONTENT="sich" HEIGHT="29" WIDTH="67" VPOS="866" HPOS="952"/><SP WIDTH="26" VPOS="865" HPOS="1019"/><String WC="1." CONTENT="(wie" HEIGHT="38" WIDTH="69" VPOS="864" HPOS="1045"/><SP WIDTH="23" VPOS="874" HPOS="1114"/><String WC="0.9825000167" CONTENT="alle" HEIGHT="28" WIDTH="60" VPOS="865" HPOS="1137"/><SP WIDTH="24" VPOS="865" HPOS="1197"/><String WC="0.9330000281" CONTENT="Miniaturen" HEIGHT="31" WIDTH="193" VPOS="863" HPOS="1221"/><SP WIDTH="22" VPOS="864" HPOS="1414"/><String WC="1." CONTENT="in" HEIGHT="29" WIDTH="34" VPOS="863" HPOS="1436"/><SP WIDTH="22" VPOS="864" HPOS="1470"/><String WC="1." CONTENT="dem" HEIGHT="28" WIDTH="74" VPOS="864" HPOS="1492"/></TextLine>
<TextLine HEIGHT="52" WIDTH="1376" VPOS="905" HPOS="189"><String WC="1." CONTENT="Kodex)" HEIGHT="39" WIDTH="125" VPOS="918" HPOS="189"/><SP WIDTH="27" VPOS="918" HPOS="315"/><String WC="0.9079999924" CONTENT="durch" HEIGHT="29" WIDTH="99" VPOS="917" HPOS="343"/><SP WIDTH="25" VPOS="917" HPOS="443"/><String WC="0.9120000005" CONTENT="große" HEIGHT="39" WIDTH="97" VPOS="914" HPOS="469"/><SP WIDTH="25" VPOS="914" HPOS="567"/><String WC="0.9433333278" CONTENT="Lebendigkeit" HEIGHT="39" WIDTH="229" VPOS="912" HPOS="593"/><SP WIDTH="26" VPOS="914" HPOS="823"/><String WC="0.8833333254" CONTENT="und" HEIGHT="28" WIDTH="67" VPOS="911" HPOS="850"/><SP WIDTH="25" VPOS="911" HPOS="918"/><String WC="0.753076911" CONTENT="schlagfertige" HEIGHT="40" WIDTH="220" VPOS="908" HPOS="944"/><SP WIDTH="25" VPOS="909" HPOS="1165"/><String WC="0.9726666808" CONTENT="Anschaulichkeit" HEIGHT="32" WIDTH="280" VPOS="906" HPOS="1191"/><SP WIDTH="25" VPOS="910" HPOS="1472"/><String WC="1." CONTENT="aus," HEIGHT="24" WIDTH="67" VPOS="917" HPOS="1498"/></TextLine>
<TextLine HEIGHT="51" WIDTH="1379" VPOS="949" HPOS="187"><String WC="0.9539999962" CONTENT="woran" HEIGHT="19" WIDTH="106" VPOS="973" HPOS="187"/><SP WIDTH="8" VPOS="964" HPOS="294"/><String WC="1." CONTENT="das" HEIGHT="27" WIDTH="57" VPOS="963" HPOS="303"/><SP WIDTH="7" VPOS="972" HPOS="361"/><String WC="0.925714314" CONTENT="unbekümmert-temperamentvolle" HEIGHT="43" WIDTH="580" VPOS="955" HPOS="369"/><SP WIDTH="8" VPOS="955" HPOS="950"/><String WC="0.9350000024" CONTENT="Zupacken" HEIGHT="40" WIDTH="170" VPOS="952" HPOS="959"/><SP WIDTH="9" VPOS="953" HPOS="1130"/><String WC="1." CONTENT="des" HEIGHT="28" WIDTH="54" VPOS="953" HPOS="1140"/><SP WIDTH="7" VPOS="953" HPOS="1195"/><String WC="0.8287500143" CONTENT="begabten" HEIGHT="39" WIDTH="158" VPOS="951" HPOS="1203"/><SP WIDTH="10" VPOS="951" HPOS="1362"/><String WC="0.8249999881" CONTENT="Illustrators" HEIGHT="30" WIDTH="193" VPOS="950" HPOS="1373"/></TextLine>
<TextLine HEIGHT="53" WIDTH="1381" VPOS="993" HPOS="186"><String WC="1." CONTENT="starken" HEIGHT="31" WIDTH="131" VPOS="1007" HPOS="187"/><SP WIDTH="12" VPOS="1006" HPOS="319"/><String WC="0.9733333588" CONTENT="Anteil" HEIGHT="29" WIDTH="107" VPOS="1005" HPOS="332"/><SP WIDTH="11" VPOS="1005" HPOS="440"/><String WC="0.8625000119" CONTENT="hat." HEIGHT="28" WIDTH="69" VPOS="1004" HPOS="451"/><SP WIDTH="15" VPOS="1003" HPOS="520"/><String WC="0.9357143044" CONTENT="Dennoch" HEIGHT="29" WIDTH="156" VPOS="1002" HPOS="535"/><SP WIDTH="14" VPOS="1002" HPOS="691"/><String WC="0.8933333158" CONTENT="muß" HEIGHT="29" WIDTH="78" VPOS="1000" HPOS="705"/><SP WIDTH="14" VPOS="1000" HPOS="783"/><String WC="0.8424999714" CONTENT="auch" HEIGHT="28" WIDTH="82" VPOS="1000" HPOS="797"/><SP WIDTH="13" VPOS="999" HPOS="879"/><String WC="1." CONTENT="hier" HEIGHT="28" WIDTH="70" VPOS="999" HPOS="892"/><SP WIDTH="14" VPOS="999" HPOS="962"/><String WC="0.9066666961" CONTENT="die" HEIGHT="31" WIDTH="51" VPOS="997" HPOS="976"/><SP WIDTH="14" VPOS="998" HPOS="1027"/><String WC="0.8759999871" CONTENT="Frage" HEIGHT="39" WIDTH="100" VPOS="997" HPOS="1041"/><SP WIDTH="12" VPOS="1007" HPOS="1142"/><String WC="0.9800000191" CONTENT="gestellt" HEIGHT="38" WIDTH="126" VPOS="996" HPOS="1154"/><SP WIDTH="14" VPOS="999" HPOS="1280"/><String WC="0.9785714149" CONTENT="werden," HEIGHT="33" WIDTH="137" VPOS="996" HPOS="1294"/><SP WIDTH="13" VPOS="1004" HPOS="1432"/><String WC="0.7350000143" CONTENT="ob" HEIGHT="28" WIDTH="42" VPOS="995" HPOS="1445"/><SP WIDTH="14" VPOS="995" HPOS="1487"/><String WC="0.8399999738" CONTENT="und" HEIGHT="27" WIDTH="66" VPOS="995" HPOS="1501"/></TextLine>
<TextLine HEIGHT="50" WIDTH="1379" VPOS="1037" HPOS="188"><String WC="0.9100000262" CONTENT="woher" HEIGHT="28" WIDTH="104" VPOS="1052" HPOS="188"/><SP WIDTH="17" VPOS="1060" HPOS="293"/><String WC="0.8399999738" CONTENT="sich" HEIGHT="29" WIDTH="67" VPOS="1050" HPOS="311"/><SP WIDTH="17" VPOS="1051" HPOS="379"/><String WC="1." CONTENT="die" HEIGHT="29" WIDTH="50" VPOS="1049" HPOS="397"/><SP WIDTH="18" VPOS="1048" HPOS="448"/><String WC="0.9085714221" CONTENT="Formen," HEIGHT="35" WIDTH="148" VPOS="1047" HPOS="467"/><SP WIDTH="17" VPOS="1047" HPOS="616"/><String WC="1." CONTENT="in" HEIGHT="29" WIDTH="33" VPOS="1046" HPOS="634"/><SP WIDTH="17" VPOS="1046" HPOS="668"/><String WC="1." CONTENT="die" HEIGHT="28" WIDTH="50" VPOS="1046" HPOS="686"/><SP WIDTH="18" VPOS="1046" HPOS="737"/><String WC="1." CONTENT="die" HEIGHT="29" WIDTH="50" VPOS="1045" HPOS="756"/><SP WIDTH="18" VPOS="1045" HPOS="807"/><String WC="1." CONTENT="doch" HEIGHT="29" WIDTH="80" VPOS="1044" HPOS="826"/><SP WIDTH="18" VPOS="1044" HPOS="907"/><String WC="1." CONTENT="so" HEIGHT="18" WIDTH="36" VPOS="1053" HPOS="926"/><SP WIDTH="16" VPOS="1053" HPOS="963"/><String WC="0.9559999704" CONTENT="neuartigen" HEIGHT="38" WIDTH="187" VPOS="1041" HPOS="980"/><SP WIDTH="20" VPOS="1040" HPOS="1168"/><String WC="0.9666666389" CONTENT="Szenen" HEIGHT="31" WIDTH="119" VPOS="1039" HPOS="1189"/><SP WIDTH="16" VPOS="1050" HPOS="1309"/><String WC="0.9457142949" CONTENT="gebannt" HEIGHT="39" WIDTH="140" VPOS="1038" HPOS="1326"/><SP WIDTH="17" VPOS="1041" HPOS="1467"/><String WC="0.9060000181" CONTENT="sind," HEIGHT="34" WIDTH="82" VPOS="1038" HPOS="1485"/></TextLine>
<TextLine HEIGHT="52" WIDTH="1380" VPOS="1081" HPOS="188"><String WC="0.8263636231" CONTENT="typologisch" HEIGHT="38" WIDTH="201" VPOS="1095" HPOS="188"/><SP WIDTH="14" VPOS="1095" HPOS="389"/><String WC="0.9837499857" CONTENT="ableiten" HEIGHT="32" WIDTH="140" VPOS="1091" HPOS="403"/><SP WIDTH="18" VPOS="1091" HPOS="543"/><String WC="0.9057142735" CONTENT="lassen." HEIGHT="30" WIDTH="114" VPOS="1090" HPOS="562"/><SP WIDTH="13" VPOS="1090" HPOS="676"/><String WC="0.9359999895" CONTENT="Diese" HEIGHT="29" WIDTH="93" VPOS="1089" HPOS="690"/><SP WIDTH="15" VPOS="1089" HPOS="784"/><String WC="0.7585714459" CONTENT="Aufgabe" HEIGHT="39" WIDTH="147" VPOS="1087" HPOS="800"/><SP WIDTH="21" VPOS="1087" HPOS="947"/><String WC="0.8799999952" CONTENT="läßt" HEIGHT="31" WIDTH="69" VPOS="1085" HPOS="969"/><SP WIDTH="21" VPOS="1089" HPOS="1039"/><String WC="0.8640000224" CONTENT="sich," HEIGHT="34" WIDTH="78" VPOS="1085" HPOS="1061"/><SP WIDTH="24" VPOS="1095" HPOS="1139"/><String WC="0.9499999881" CONTENT="wie" HEIGHT="28" WIDTH="57" VPOS="1085" HPOS="1163"/><SP WIDTH="22" VPOS="1094" HPOS="1221"/><String WC="1." CONTENT="es" HEIGHT="18" WIDTH="33" VPOS="1094" HPOS="1244"/><SP WIDTH="14" VPOS="1093" HPOS="1278"/><String WC="0.9712499976" CONTENT="scheint," HEIGHT="35" WIDTH="133" VPOS="1082" HPOS="1293"/><SP WIDTH="23" VPOS="1083" HPOS="1426"/><String WC="0.8600000143" CONTENT="für" HEIGHT="29" WIDTH="51" VPOS="1082" HPOS="1449"/><SP WIDTH="16" VPOS="1082" HPOS="1501"/><String WC="0.9300000072" CONTENT="die" HEIGHT="29" WIDTH="49" VPOS="1082" HPOS="1518"/></TextLine>
<TextLine HEIGHT="52" WIDTH="1379" VPOS="1125" HPOS="190"><String WC="0.9631249905" CONTENT="Verfolgungsszene" HEIGHT="40" WIDTH="302" VPOS="1137" HPOS="190"/><SP WIDTH="18" VPOS="1136" HPOS="493"/><String WC="0.8514285684" CONTENT="(Abb.io" HEIGHT="38" WIDTH="136" VPOS="1135" HPOS="512"/><SP WIDTH="11" VPOS="1135" HPOS="649"/><String WC="1." CONTENT="links)" HEIGHT="37" WIDTH="95" VPOS="1134" HPOS="661"/><SP WIDTH="16" VPOS="1133" HPOS="757"/><String WC="0.8899999857" CONTENT="lösen:" HEIGHT="28" WIDTH="103" VPOS="1133" HPOS="774"/><SP WIDTH="26" VPOS="1132" HPOS="878"/><String WC="1." CONTENT="Hier" HEIGHT="29" WIDTH="78" VPOS="1131" HPOS="905"/><SP WIDTH="19" VPOS="1139" HPOS="984"/><String WC="0.9599999785" CONTENT="wurde" HEIGHT="28" WIDTH="107" VPOS="1130" HPOS="1004"/><SP WIDTH="21" VPOS="1139" HPOS="1112"/><String WC="0.9409999847" CONTENT="vermutlich" HEIGHT="29" WIDTH="189" VPOS="1128" HPOS="1134"/><SP WIDTH="14" VPOS="1128" HPOS="1324"/><String WC="1." CONTENT="eine" HEIGHT="31" WIDTH="68" VPOS="1126" HPOS="1339"/><SP WIDTH="14" VPOS="1130" HPOS="1408"/><String WC="0.9287499785" CONTENT="typische" HEIGHT="37" WIDTH="146" VPOS="1127" HPOS="1423"/></TextLine>
<TextLine HEIGHT="52" WIDTH="1378" VPOS="1170" HPOS="191"><String WC="0.8929411769" CONTENT="Vertreibungsszene" HEIGHT="41" WIDTH="319" VPOS="1181" HPOS="191"/><SP WIDTH="18" VPOS="1181" HPOS="511"/><String WC="1." CONTENT="der" HEIGHT="29" WIDTH="55" VPOS="1180" HPOS="530"/><SP WIDTH="20" VPOS="1180" HPOS="586"/><String WC="0.9210000038" CONTENT="biblischen" HEIGHT="30" WIDTH="176" VPOS="1178" HPOS="607"/><SP WIDTH="18" VPOS="1178" HPOS="784"/><String WC="0.9966666698" CONTENT="Ikonographie" HEIGHT="40" WIDTH="232" VPOS="1174" HPOS="803"/><SP WIDTH="22" VPOS="1184" HPOS="1036"/><String WC="0.9350000024" CONTENT="verwendet," HEIGHT="36" WIDTH="191" VPOS="1172" HPOS="1059"/><SP WIDTH="22" VPOS="1182" HPOS="1251"/><String WC="0.917142868" CONTENT="nämlich" HEIGHT="30" WIDTH="137" VPOS="1171" HPOS="1274"/><SP WIDTH="25" VPOS="1172" HPOS="1412"/><String WC="1." CONTENT="die" HEIGHT="29" WIDTH="49" VPOS="1171" HPOS="1438"/><SP WIDTH="21" VPOS="1171" HPOS="1488"/><String WC="0.7799999714" CONTENT="Zu" HEIGHT="28" WIDTH="46" VPOS="1171" HPOS="1510" SUBS_TYPE="HypPart1" SUBS_CONTENT="Zurückweisung"/><HYP CONTENT="­"/></TextLine>
<TextLine HEIGHT="52" WIDTH="1381" VPOS="1214" HPOS="190"><String WC="0.8618181944" CONTENT="rückweisung" HEIGHT="39" WIDTH="221" VPOS="1227" HPOS="190" SUBS_TYPE="HypPart2" SUBS_CONTENT="Zurückweisung"/><SP WIDTH="11" VPOS="1226" HPOS="411"/><String WC="0.9925000072" CONTENT="Joachims" HEIGHT="38" WIDTH="164" VPOS="1224" HPOS="422"/><SP WIDTH="8" VPOS="1224" HPOS="586"/><String WC="1." CONTENT="im" HEIGHT="28" WIDTH="46" VPOS="1224" HPOS="594"/><SP WIDTH="8" VPOS="1224" HPOS="640"/><String WC="0.8714285493" CONTENT="Tempel," HEIGHT="40" WIDTH="141" VPOS="1221" HPOS="648"/><SP WIDTH="16" VPOS="1231" HPOS="789"/><String WC="1." CONTENT="wie" HEIGHT="29" WIDTH="58" VPOS="1221" HPOS="805"/><SP WIDTH="9" VPOS="1231" HPOS="863"/><String WC="1." CONTENT="sie" HEIGHT="30" WIDTH="44" VPOS="1220" HPOS="872"/><SP WIDTH="9" VPOS="1230" HPOS="916"/><String WC="1." CONTENT="vom" HEIGHT="20" WIDTH="78" VPOS="1228" HPOS="925"/><SP WIDTH="8" VPOS="1228" HPOS="1003"/><String WC="0.9446666837" CONTENT="nachgiottesken," HEIGHT="40" WIDTH="274" VPOS="1216" HPOS="1011"/><SP WIDTH="13" VPOS="1216" HPOS="1285"/><String WC="0.8169230819" CONTENT="bewegungsfreu" HEIGHT="39" WIDTH="259" VPOS="1214" HPOS="1298" SUBS_TYPE="HypPart1" SUBS_CONTENT="bewegungsfreudigen"/><HYP CONTENT="­"/></TextLine>
<TextLine HEIGHT="53" WIDTH="1378" VPOS="1258" HPOS="193"><String WC="1." CONTENT="digen" HEIGHT="38" WIDTH="93" VPOS="1273" HPOS="193" SUBS_TYPE="HypPart2" SUBS_CONTENT="bewegungsfreudigen"/><SP WIDTH="14" VPOS="1274" HPOS="287"/><String WC="0.8927272558" CONTENT="florentiner" HEIGHT="31" WIDTH="184" VPOS="1270" HPOS="302"/><SP WIDTH="14" VPOS="1270" HPOS="487"/><String WC="0.9312499762" CONTENT="Trecento" HEIGHT="30" WIDTH="154" VPOS="1268" HPOS="502"/><SP WIDTH="14" VPOS="1277" HPOS="657"/><String WC="0.9627272487" CONTENT="ausgebildet" HEIGHT="40" WIDTH="197" VPOS="1265" HPOS="672"/><SP WIDTH="15" VPOS="1268" HPOS="870"/><String WC="0.9216666818" CONTENT="worden" HEIGHT="30" WIDTH="127" VPOS="1263" HPOS="886"/><SP WIDTH="15" VPOS="1273" HPOS="1014"/><String WC="0.9275000095" CONTENT="war." HEIGHT="19" WIDTH="74" VPOS="1272" HPOS="1030"/><SP WIDTH="20" VPOS="1262" HPOS="1105"/><String WC="0.823333323" CONTENT="Auf" HEIGHT="28" WIDTH="65" VPOS="1262" HPOS="1126"/><SP WIDTH="14" VPOS="1262" HPOS="1192"/><String WC="1." CONTENT="Taddeo" HEIGHT="30" WIDTH="128" VPOS="1260" HPOS="1207"/><SP WIDTH="17" VPOS="1259" HPOS="1336"/><String WC="0.9900000095" CONTENT="Gaddis" HEIGHT="30" WIDTH="119" VPOS="1258" HPOS="1354"/><SP WIDTH="14" VPOS="1258" HPOS="1474"/><String WC="1." CONTENT="Wie" HEIGHT="28" WIDTH="67" VPOS="1258" HPOS="1489" SUBS_TYPE="HypPart1" SUBS_CONTENT="Wiedergabe"/><HYP CONTENT="­"/></TextLine>
<TextLine HEIGHT="53" WIDTH="1379" VPOS="1302" HPOS="193"><String WC="0.8042857051" CONTENT="dergabe" HEIGHT="38" WIDTH="138" VPOS="1317" HPOS="193" SUBS_TYPE="HypPart2" SUBS_CONTENT="Wiedergabe"/><SP WIDTH="16" VPOS="1317" HPOS="331"/><String WC="0.8983333111" CONTENT="dieser" HEIGHT="30" WIDTH="100" VPOS="1315" HPOS="348"/><SP WIDTH="17" VPOS="1314" HPOS="449"/><String WC="1." CONTENT="Szene" HEIGHT="29" WIDTH="97" VPOS="1313" HPOS="467"/><SP WIDTH="14" VPOS="1313" HPOS="565"/><String WC="1." CONTENT="in" HEIGHT="27" WIDTH="33" VPOS="1313" HPOS="580"/><SP WIDTH="15" VPOS="1312" HPOS="614"/><String WC="0.9900000095" CONTENT="der" HEIGHT="29" WIDTH="55" VPOS="1311" HPOS="630"/><SP WIDTH="15" VPOS="1312" HPOS="686"/><String WC="0.9205882549" CONTENT="Baroncellikapelle" HEIGHT="40" WIDTH="302" VPOS="1307" HPOS="702"/><SP WIDTH="15" VPOS="1316" HPOS="1005"/><String WC="0.9200000167" CONTENT="von" HEIGHT="19" WIDTH="63" VPOS="1316" HPOS="1021"/><SP WIDTH="18" VPOS="1306" HPOS="1085"/><String WC="1." CONTENT="S." HEIGHT="30" WIDTH="30" VPOS="1305" HPOS="1104"/><SP WIDTH="12" VPOS="1306" HPOS="1135"/><String WC="0.9779999852" CONTENT="Croce" HEIGHT="29" WIDTH="94" VPOS="1305" HPOS="1148"/><SP WIDTH="14" VPOS="1304" HPOS="1243"/><String WC="0.7950000167" CONTENT="in" HEIGHT="28" WIDTH="33" VPOS="1304" HPOS="1258"/><SP WIDTH="16" VPOS="1305" HPOS="1292"/><String WC="0.9657142758" CONTENT="Florenz" HEIGHT="28" WIDTH="130" VPOS="1304" HPOS="1309"/><SP WIDTH="14" VPOS="1303" HPOS="1440"/><String WC="0.9200000167" CONTENT="ist" HEIGHT="29" WIDTH="41" VPOS="1302" HPOS="1455"/><SP WIDTH="18" VPOS="1302" HPOS="1497"/><String WC="0.7933333516" CONTENT="(im" HEIGHT="37" WIDTH="56" VPOS="1302" HPOS="1516"/></TextLine>
<TextLine HEIGHT="53" WIDTH="1375" VPOS="1346" HPOS="197"><String WC="0.8740000129" CONTENT="Gegensinn)" HEIGHT="40" WIDTH="190" VPOS="1359" HPOS="197"/><SP WIDTH="20" VPOS="1359" HPOS="388"/><String WC="0.8980000019" CONTENT="nicht" HEIGHT="29" WIDTH="88" VPOS="1358" HPOS="409"/><SP WIDTH="19" VPOS="1361" HPOS="498"/><String WC="0.7200000286" CONTENT="nur" HEIGHT="20" WIDTH="60" VPOS="1366" HPOS="518"/><SP WIDTH="19" VPOS="1357" HPOS="579"/><String WC="0.8100000024" CONTENT="die" HEIGHT="27" WIDTH="50" VPOS="1357" HPOS="599"/><SP WIDTH="19" VPOS="1356" HPOS="650"/><String WC="0.9340000153" CONTENT="Figur" HEIGHT="38" WIDTH="96" VPOS="1354" HPOS="670"/><SP WIDTH="19" VPOS="1353" HPOS="767"/><String WC="1." CONTENT="des" HEIGHT="29" WIDTH="54" VPOS="1353" HPOS="787"/><SP WIDTH="21" VPOS="1353" HPOS="842"/><String WC="0.9414285421" CONTENT="Joachim" HEIGHT="39" WIDTH="148" VPOS="1351" HPOS="864"/><SP WIDTH="18" VPOS="1351" HPOS="1013"/><String WC="1." CONTENT="bis" HEIGHT="27" WIDTH="48" VPOS="1351" HPOS="1032"/><SP WIDTH="18" VPOS="1351" HPOS="1081"/><String WC="1." CONTENT="in" HEIGHT="28" WIDTH="32" VPOS="1350" HPOS="1100"/><SP WIDTH="20" VPOS="1350" HPOS="1133"/><String WC="0.9741666913" CONTENT="Einzelheiten" HEIGHT="30" WIDTH="216" VPOS="1348" HPOS="1154"/><SP WIDTH="18" VPOS="1348" HPOS="1371"/><String WC="1." CONTENT="hinein" HEIGHT="30" WIDTH="107" VPOS="1346" HPOS="1390"/><SP WIDTH="20" VPOS="1346" HPOS="1497"/><String WC="1." CONTENT="der" HEIGHT="29" WIDTH="55" VPOS="1346" HPOS="1517"/></TextLine>
<TextLine HEIGHT="52" WIDTH="1376" VPOS="1390" HPOS="195"><String WC="0.8812500238" CONTENT="Prototyp" HEIGHT="37" WIDTH="158" VPOS="1405" HPOS="195"/><SP WIDTH="10" VPOS="1413" HPOS="354"/><String WC="0.928571403" CONTENT="unserer" HEIGHT="21" WIDTH="127" VPOS="1411" HPOS="365"/><SP WIDTH="10" VPOS="1403" HPOS="493"/><String WC="1." CONTENT="Daphne" HEIGHT="37" WIDTH="136" VPOS="1401" HPOS="504"/><SP WIDTH="10" VPOS="1410" HPOS="641"/><String WC="0.9066666961" CONTENT="mit" HEIGHT="30" WIDTH="59" VPOS="1399" HPOS="652"/><SP WIDTH="11" VPOS="1399" HPOS="712"/><String WC="1." CONTENT="der" HEIGHT="28" WIDTH="54" VPOS="1398" HPOS="724"/><SP WIDTH="9" VPOS="1398" HPOS="779"/><String WC="0.9933333397" CONTENT="ins" HEIGHT="27" WIDTH="49" VPOS="1398" HPOS="789"/><SP WIDTH="10" VPOS="1407" HPOS="839"/><String WC="0.9875000119" CONTENT="„Knieen“" HEIGHT="38" WIDTH="166" VPOS="1394" HPOS="850"/><SP WIDTH="13" VPOS="1394" HPOS="1017"/><String WC="0.9674999714" CONTENT="übergehenden" HEIGHT="39" WIDTH="241" VPOS="1393" HPOS="1031"/><SP WIDTH="10" VPOS="1393" HPOS="1273"/><String WC="0.8692857027" CONTENT="Fluchtbewegung" HEIGHT="39" WIDTH="287" VPOS="1391" HPOS="1284"/></TextLine>
<TextLine HEIGHT="51" WIDTH="1377" VPOS="1435" HPOS="195"><String WC="0.8899999857" CONTENT="und" HEIGHT="28" WIDTH="67" VPOS="1450" HPOS="195"/><SP WIDTH="18" VPOS="1450" HPOS="262"/><String WC="0.7900000215" CONTENT="dem" HEIGHT="29" WIDTH="74" VPOS="1448" HPOS="280"/><SP WIDTH="17" VPOS="1457" HPOS="354"/><String WC="0.8826666474" CONTENT="zurückgewandten" HEIGHT="40" WIDTH="310" VPOS="1444" HPOS="371"/><SP WIDTH="20" VPOS="1443" HPOS="681"/><String WC="0.9800000191" CONTENT="Kopf," HEIGHT="37" WIDTH="98" VPOS="1442" HPOS="701"/><SP WIDTH="19" VPOS="1451" HPOS="799"/><String WC="0.9928571582" CONTENT="sondern" HEIGHT="30" WIDTH="137" VPOS="1440" HPOS="818"/><SP WIDTH="19" VPOS="1449" HPOS="955"/><String WC="0.9300000072" CONTENT="auch" HEIGHT="29" WIDTH="82" VPOS="1439" HPOS="974"/><SP WIDTH="19" VPOS="1439" HPOS="1056"/><String WC="1." CONTENT="die" HEIGHT="29" WIDTH="51" VPOS="1438" HPOS="1075"/><SP WIDTH="18" VPOS="1447" HPOS="1126"/><String WC="0.9653846025" CONTENT="nachdrängende" HEIGHT="39" WIDTH="265" VPOS="1436" HPOS="1144"/><SP WIDTH="21" VPOS="1436" HPOS="1409"/><String WC="0.875" CONTENT="Stellung" HEIGHT="38" WIDTH="142" VPOS="1435" HPOS="1430"/></TextLine>
<TextLine HEIGHT="51" WIDTH="1376" VPOS="1479" HPOS="195"><String WC="1." CONTENT="des" HEIGHT="28" WIDTH="54" VPOS="1494" HPOS="195"/><SP WIDTH="22" VPOS="1494" HPOS="250"/><String WC="0.8619999886" CONTENT="Verfolgers" HEIGHT="40" WIDTH="177" VPOS="1490" HPOS="273"/><SP WIDTH="21" VPOS="1490" HPOS="451"/><String WC="0.9116666913" CONTENT="findet" HEIGHT="29" WIDTH="102" VPOS="1489" HPOS="473"/><SP WIDTH="22" VPOS="1491" HPOS="576"/><String WC="1." CONTENT="sich" HEIGHT="29" WIDTH="66" VPOS="1487" HPOS="599"/><SP WIDTH="22" VPOS="1486" HPOS="666"/><String WC="0.9549999833" CONTENT="dort" HEIGHT="28" WIDTH="73" VPOS="1486" HPOS="689"/><SP WIDTH="21" VPOS="1485" HPOS="763"/><String WC="0.9800000191" CONTENT="im" HEIGHT="28" WIDTH="45" VPOS="1485" HPOS="785"/><SP WIDTH="22" VPOS="1485" HPOS="831"/><String WC="0.9446153641" CONTENT="Hohenpriester" HEIGHT="39" WIDTH="249" VPOS="1483" HPOS="854"/><SP WIDTH="21" VPOS="1491" HPOS="1104"/><String WC="0.8999999762" CONTENT="ganz" HEIGHT="28" WIDTH="80" VPOS="1491" HPOS="1126"/><SP WIDTH="21" VPOS="1491" HPOS="1207"/><String WC="0.7666666508" CONTENT="analog" HEIGHT="38" WIDTH="113" VPOS="1481" HPOS="1229"/><SP WIDTH="21" VPOS="1489" HPOS="1343"/><String WC="0.8791666627" CONTENT="vorgebildet." HEIGHT="37" WIDTH="206" VPOS="1479" HPOS="1365"/></TextLine>
<TextLine HEIGHT="52" WIDTH="1376" VPOS="1521" HPOS="198"><String WC="0.8999999762" CONTENT="Für" HEIGHT="28" WIDTH="64" VPOS="1538" HPOS="198"/><SP WIDTH="18" VPOS="1537" HPOS="263"/><String WC="1." CONTENT="die" HEIGHT="31" WIDTH="50" VPOS="1535" HPOS="282"/><SP WIDTH="19" VPOS="1545" HPOS="333"/><String WC="0.9857142568" CONTENT="anderen" HEIGHT="29" WIDTH="139" VPOS="1534" HPOS="353"/><SP WIDTH="19" VPOS="1534" HPOS="493"/><String WC="0.9383333325" CONTENT="Formen" HEIGHT="28" WIDTH="136" VPOS="1533" HPOS="513"/><SP WIDTH="13" VPOS="1540" HPOS="650"/><String WC="0.7783333063" CONTENT="vermag" HEIGHT="29" WIDTH="130" VPOS="1538" HPOS="664"/><SP WIDTH="10" VPOS="1529" HPOS="795"/><String WC="0.8033333421" CONTENT="ich" HEIGHT="28" WIDTH="50" VPOS="1529" HPOS="806"/><SP WIDTH="12" VPOS="1529" HPOS="857"/><String WC="1." CONTENT="freilich" HEIGHT="31" WIDTH="121" VPOS="1527" HPOS="870"/><SP WIDTH="11" VPOS="1527" HPOS="992"/><String WC="0.9766666889" CONTENT="ein" HEIGHT="28" WIDTH="51" VPOS="1527" HPOS="1004"/><SP WIDTH="11" VPOS="1536" HPOS="1056"/><String WC="1." CONTENT="solches" HEIGHT="29" WIDTH="120" VPOS="1526" HPOS="1068"/><SP WIDTH="11" VPOS="1526" HPOS="1189"/><String WC="0.9014285803" CONTENT="Vorbild" HEIGHT="30" WIDTH="132" VPOS="1524" HPOS="1201"/><SP WIDTH="11" VPOS="1524" HPOS="1334"/><String WC="0.9359999895" CONTENT="nicht" HEIGHT="29" WIDTH="87" VPOS="1523" HPOS="1346"/><SP WIDTH="12" VPOS="1526" HPOS="1434"/><String WC="1." CONTENT="zu" HEIGHT="19" WIDTH="39" VPOS="1532" HPOS="1447"/><SP WIDTH="11" VPOS="1532" HPOS="1487"/><String WC="1." CONTENT="nen" HEIGHT="18" WIDTH="61" VPOS="1532" HPOS="1499" SUBS_TYPE="HypPart1" SUBS_CONTENT="nennen,"/><HYP CONTENT="­"/></TextLine>
<TextLine HEIGHT="51" WIDTH="1380" VPOS="1566" HPOS="194"><String WC="0.8450000286" CONTENT="nen," HEIGHT="24" WIDTH="72" VPOS="1592" HPOS="195" SUBS_TYPE="HypPart2" SUBS_CONTENT="nennen,"/><SP WIDTH="24" VPOS="1592" HPOS="268"/><String WC="0.8299999833" CONTENT="und" HEIGHT="30" WIDTH="67" VPOS="1580" HPOS="292"/><SP WIDTH="22" VPOS="1580" HPOS="359"/><String WC="0.926666677" CONTENT="für" HEIGHT="29" WIDTH="53" VPOS="1579" HPOS="381"/><SP WIDTH="22" VPOS="1589" HPOS="435"/><String WC="1." CONTENT="manche" HEIGHT="29" WIDTH="135" VPOS="1577" HPOS="457"/><SP WIDTH="23" VPOS="1576" HPOS="592"/><String WC="0.9433333278" CONTENT="besonders" HEIGHT="32" WIDTH="172" VPOS="1573" HPOS="615"/><SP WIDTH="22" VPOS="1573" HPOS="787"/><String WC="0.9052941203" CONTENT="fortschrittlichen" HEIGHT="32" WIDTH="287" VPOS="1571" HPOS="809"/><SP WIDTH="23" VPOS="1570" HPOS="1096"/><String WC="1." CONTENT="Züge" HEIGHT="37" WIDTH="85" VPOS="1570" HPOS="1119"/><SP WIDTH="22" VPOS="1580" HPOS="1205"/><String WC="1." CONTENT="wie" HEIGHT="30" WIDTH="58" VPOS="1568" HPOS="1227"/><SP WIDTH="24" VPOS="1568" HPOS="1285"/><String WC="1." CONTENT="die" HEIGHT="30" WIDTH="50" VPOS="1567" HPOS="1309"/><SP WIDTH="23" VPOS="1578" HPOS="1359"/><String WC="0.897272706" CONTENT="erstaunlich" HEIGHT="31" WIDTH="192" VPOS="1566" HPOS="1382"/></TextLine>
<TextLine HEIGHT="53" WIDTH="1382" VPOS="1610" HPOS="194"><String WC="0.8939999938" CONTENT="reife" HEIGHT="29" WIDTH="76" VPOS="1626" HPOS="194"/><SP WIDTH="20" VPOS="1626" HPOS="271"/><String WC="0.9200000167" CONTENT="Wiedergabe" HEIGHT="40" WIDTH="206" VPOS="1623" HPOS="292"/><SP WIDTH="21" VPOS="1622" HPOS="499"/><String WC="1." CONTENT="des" HEIGHT="29" WIDTH="54" VPOS="1621" HPOS="521"/><SP WIDTH="20" VPOS="1621" HPOS="576"/><String WC="0.9319999814" CONTENT="Transitorischen" HEIGHT="30" WIDTH="272" VPOS="1619" HPOS="597"/><SP WIDTH="19" VPOS="1618" HPOS="870"/><String WC="1." CONTENT="in" HEIGHT="27" WIDTH="33" VPOS="1618" HPOS="890"/><SP WIDTH="20" VPOS="1618" HPOS="924"/><String WC="1." CONTENT="der" HEIGHT="28" WIDTH="55" VPOS="1617" HPOS="946"/><SP WIDTH="20" VPOS="1616" HPOS="1002"/><String WC="0.9218181968" CONTENT="Verwandlung" HEIGHT="40" WIDTH="234" VPOS="1613" HPOS="1023"/><SP WIDTH="21" VPOS="1613" HPOS="1258"/><String WC="0.8560000062" CONTENT="(noch" HEIGHT="38" WIDTH="92" VPOS="1612" HPOS="1280"/><SP WIDTH="19" VPOS="1613" HPOS="1373"/><String WC="0.8944444656" CONTENT="eindrucks" HEIGHT="30" WIDTH="169" VPOS="1611" HPOS="1393" SUBS_TYPE="HypPart1" SUBS_CONTENT="eindrucksvoller"/><HYP CONTENT="­"/></TextLine>
<TextLine HEIGHT="53" WIDTH="1380" VPOS="1654" HPOS="196"><String WC="0.8600000143" CONTENT="voller" HEIGHT="28" WIDTH="98" VPOS="1671" HPOS="196" SUBS_TYPE="HypPart2" SUBS_CONTENT="eindrucksvoller"/><SP WIDTH="23" VPOS="1670" HPOS="295"/><String WC="1." CONTENT="in" HEIGHT="27" WIDTH="34" VPOS="1670" HPOS="319"/><SP WIDTH="25" VPOS="1670" HPOS="354"/><String WC="0.8833333254" CONTENT="der" HEIGHT="28" WIDTH="55" VPOS="1668" HPOS="380"/><SP WIDTH="28" VPOS="1666" HPOS="436"/><String WC="0.9179999828" CONTENT="Gestaltung" HEIGHT="40" WIDTH="193" VPOS="1664" HPOS="465"/><SP WIDTH="26" VPOS="1664" HPOS="658"/><String WC="0.9399999976" CONTENT="der" HEIGHT="28" WIDTH="55" VPOS="1664" HPOS="684"/><SP WIDTH="26" VPOS="1664" HPOS="740"/><String WC="0.9250000119" CONTENT="Heliaden" HEIGHT="30" WIDTH="156" VPOS="1662" HPOS="767"/><SP WIDTH="32" VPOS="1662" HPOS="924"/><String WC="1." CONTENT="in" HEIGHT="27" WIDTH="33" VPOS="1662" HPOS="957"/><SP WIDTH="32" VPOS="1660" HPOS="991"/><String WC="0.9800000191" CONTENT="der" HEIGHT="28" WIDTH="55" VPOS="1660" HPOS="1024"/><SP WIDTH="26" VPOS="1660" HPOS="1080"/><String WC="0.9433333278" CONTENT="Phaeton-Beweinung)" HEIGHT="42" WIDTH="361" VPOS="1654" HPOS="1107"/><SP WIDTH="28" VPOS="1655" HPOS="1469"/><String WC="0.9300000072" CONTENT="wird" HEIGHT="28" WIDTH="77" VPOS="1655" HPOS="1498"/></TextLine>
<TextLine HEIGHT="53" WIDTH="1378" VPOS="1698" HPOS="198"><String WC="0.8000000119" CONTENT="man" HEIGHT="19" WIDTH="74" VPOS="1724" HPOS="198"/><SP WIDTH="24" VPOS="1725" HPOS="273"/><String WC="0.8974999785" CONTENT="wohl" HEIGHT="30" WIDTH="83" VPOS="1713" HPOS="298"/><SP WIDTH="23" VPOS="1713" HPOS="382"/><String WC="0.8849999905" CONTENT="auch" HEIGHT="30" WIDTH="81" VPOS="1711" HPOS="406"/><SP WIDTH="25" VPOS="1711" HPOS="488"/><String WC="1." CONTENT="kaum" HEIGHT="29" WIDTH="98" VPOS="1710" HPOS="514"/><SP WIDTH="24" VPOS="1719" HPOS="613"/><String WC="0.7733333111" CONTENT="„Quellen“" HEIGHT="40" WIDTH="179" VPOS="1707" HPOS="638"/><SP WIDTH="26" VPOS="1707" HPOS="818"/><String WC="1." CONTENT="finden" HEIGHT="29" WIDTH="110" VPOS="1706" HPOS="845"/><SP WIDTH="16" VPOS="1706" HPOS="956"/><String WC="0.8985714316" CONTENT="können." HEIGHT="30" WIDTH="136" VPOS="1704" HPOS="973"/><SP WIDTH="24" VPOS="1703" HPOS="1110"/><String WC="0.9966666698" CONTENT="Die" HEIGHT="28" WIDTH="59" VPOS="1703" HPOS="1135"/><SP WIDTH="21" VPOS="1703" HPOS="1195"/><String WC="0.9599999785" CONTENT="besonders" HEIGHT="31" WIDTH="170" VPOS="1700" HPOS="1217"/><SP WIDTH="24" VPOS="1700" HPOS="1388"/><String WC="0.8155555725" CONTENT="lebendige" HEIGHT="39" WIDTH="163" VPOS="1698" HPOS="1413"/></TextLine>
<TextLine HEIGHT="54" WIDTH="1380" VPOS="1743" HPOS="197"><String WC="0.8870000243" CONTENT="Wiedergabe" HEIGHT="40" WIDTH="205" VPOS="1757" HPOS="197"/><SP WIDTH="23" VPOS="1756" HPOS="403"/><String WC="0.9533333182" CONTENT="der" HEIGHT="28" WIDTH="54" VPOS="1756" HPOS="427"/><SP WIDTH="22" VPOS="1755" HPOS="482"/><String WC="0.8637499809" CONTENT="Umarmung" HEIGHT="39" WIDTH="202" VPOS="1753" HPOS="505"/><SP WIDTH="21" VPOS="1752" HPOS="708"/><String WC="0.8866666555" CONTENT="der" HEIGHT="29" WIDTH="55" VPOS="1751" HPOS="730"/><SP WIDTH="22" VPOS="1751" HPOS="786"/><String WC="0.9649999738" CONTENT="Verwandelten" HEIGHT="30" WIDTH="244" VPOS="1749" HPOS="809"/><SP WIDTH="21" VPOS="1758" HPOS="1054"/><String WC="0.8566666842" CONTENT="auf" HEIGHT="30" WIDTH="56" VPOS="1747" HPOS="1076"/><SP WIDTH="20" VPOS="1747" HPOS="1133"/><String WC="0.9700000286" CONTENT="Abb." HEIGHT="29" WIDTH="83" VPOS="1746" HPOS="1154"/><SP WIDTH="14" VPOS="1754" HPOS="1238"/><String WC="1." CONTENT="n" HEIGHT="20" WIDTH="35" VPOS="1753" HPOS="1253"/><SP WIDTH="22" VPOS="1745" HPOS="1289"/><String WC="1." CONTENT="ist" HEIGHT="29" WIDTH="42" VPOS="1744" HPOS="1312"/><SP WIDTH="22" VPOS="1746" HPOS="1355"/><String WC="0.9524999857" CONTENT="aber" HEIGHT="28" WIDTH="76" VPOS="1744" HPOS="1378"/><SP WIDTH="21" VPOS="1752" HPOS="1455"/><String WC="0.8199999928" CONTENT="gewiß" HEIGHT="37" WIDTH="100" VPOS="1743" HPOS="1477"/></TextLine>
<TextLine HEIGHT="54" WIDTH="1382" VPOS="1787" HPOS="197"><String WC="0.8519999981" CONTENT="nicht" HEIGHT="28" WIDTH="89" VPOS="1804" HPOS="197"/><SP WIDTH="16" VPOS="1806" HPOS="286"/><String WC="0.75" CONTENT="ganz" HEIGHT="30" WIDTH="81" VPOS="1811" HPOS="302"/><SP WIDTH="16" VPOS="1811" HPOS="383"/><String WC="1." CONTENT="ohne" HEIGHT="29" WIDTH="83" VPOS="1800" HPOS="399"/><SP WIDTH="16" VPOS="1800" HPOS="482"/><String WC="0.851000011" CONTENT="Erinnerung" HEIGHT="39" WIDTH="203" VPOS="1797" HPOS="498"/><SP WIDTH="15" VPOS="1806" HPOS="701"/><String WC="1." CONTENT="an" HEIGHT="19" WIDTH="42" VPOS="1806" HPOS="716"/><SP WIDTH="17" VPOS="1796" HPOS="758"/><String WC="1." CONTENT="den" HEIGHT="27" WIDTH="62" VPOS="1796" HPOS="775"/><SP WIDTH="16" VPOS="1796" HPOS="837"/><String WC="0.8840000033" CONTENT="Typus" HEIGHT="38" WIDTH="112" VPOS="1795" HPOS="853"/><SP WIDTH="16" VPOS="1794" HPOS="965"/><String WC="0.8600000143" CONTENT="der" HEIGHT="29" WIDTH="55" VPOS="1793" HPOS="981"/><SP WIDTH="17" VPOS="1793" HPOS="1036"/><String WC="1." CONTENT="das" HEIGHT="29" WIDTH="58" VPOS="1792" HPOS="1053"/><SP WIDTH="17" VPOS="1791" HPOS="1111"/><String WC="0.8920000196" CONTENT="Kreuz" HEIGHT="29" WIDTH="106" VPOS="1790" HPOS="1128"/><SP WIDTH="16" VPOS="1799" HPOS="1234"/><String WC="0.9399999976" CONTENT="umfassenden" HEIGHT="30" WIDTH="226" VPOS="1787" HPOS="1250"/><SP WIDTH="17" VPOS="1788" HPOS="1476"/><String WC="1." CONTENT="Mag" HEIGHT="36" WIDTH="73" VPOS="1788" HPOS="1493" SUBS_TYPE="HypPart1" SUBS_CONTENT="Magdalena"/><HYP CONTENT="­"/></TextLine>
<TextLine HEIGHT="52" WIDTH="1380" VPOS="1831" HPOS="199"><String WC="0.9049999714" CONTENT="dalena" HEIGHT="29" WIDTH="113" VPOS="1847" HPOS="199" SUBS_TYPE="HypPart2" SUBS_CONTENT="Magdalena"/><SP WIDTH="15" VPOS="1846" HPOS="313"/><String WC="0.9787499905" CONTENT="denkbar;" HEIGHT="34" WIDTH="157" VPOS="1844" HPOS="329"/><SP WIDTH="16" VPOS="1853" HPOS="487"/><String WC="0.8100000024" CONTENT="und" HEIGHT="29" WIDTH="66" VPOS="1843" HPOS="504"/><SP WIDTH="15" VPOS="1843" HPOS="571"/><String WC="1." CONTENT="das" HEIGHT="28" WIDTH="57" VPOS="1843" HPOS="587"/><SP WIDTH="13" VPOS="1841" HPOS="645"/><String WC="1." CONTENT="ist" HEIGHT="29" WIDTH="42" VPOS="1841" HPOS="659"/><SP WIDTH="17" VPOS="1841" HPOS="702"/><String WC="1." CONTENT="doppelt" HEIGHT="38" WIDTH="132" VPOS="1840" HPOS="720"/><SP WIDTH="15" VPOS="1843" HPOS="853"/><String WC="0.9380000234" CONTENT="wahrscheinlich," HEIGHT="38" WIDTH="271" VPOS="1835" HPOS="869"/><SP WIDTH="16" VPOS="1835" HPOS="1141"/><String WC="1." CONTENT="da" HEIGHT="29" WIDTH="41" VPOS="1835" HPOS="1158"/><SP WIDTH="14" VPOS="1835" HPOS="1200"/><String WC="0.7149999738" CONTENT="ja" HEIGHT="40" WIDTH="32" VPOS="1833" HPOS="1215"/><SP WIDTH="16" VPOS="1833" HPOS="1248"/><String WC="1." CONTENT="der" HEIGHT="29" WIDTH="54" VPOS="1833" HPOS="1265"/><SP WIDTH="15" VPOS="1833" HPOS="1320"/><String WC="0.8199999928" CONTENT="Beryuire-Text" HEIGHT="39" WIDTH="243" VPOS="1831" HPOS="1336"/></TextLine>
<TextLine HEIGHT="55" WIDTH="1381" VPOS="1874" HPOS="198"><String WC="0.8666666746" CONTENT="ausdrücklich" HEIGHT="31" WIDTH="222" VPOS="1890" HPOS="198"/><SP WIDTH="21" VPOS="1889" HPOS="421"/><String WC="0.9850000143" CONTENT="Daphne" HEIGHT="38" WIDTH="136" VPOS="1888" HPOS="443"/><SP WIDTH="21" VPOS="1897" HPOS="580"/><String WC="0.6800000072" CONTENT="als" HEIGHT="28" WIDTH="46" VPOS="1887" HPOS="602"/><SP WIDTH="20" VPOS="1896" HPOS="649"/><String WC="0.7379999757" CONTENT="„crux" HEIGHT="26" WIDTH="119" VPOS="1894" HPOS="670"/><SP WIDTH="21" VPOS="1894" HPOS="790"/><String WC="1." CONTENT="a" HEIGHT="18" WIDTH="19" VPOS="1894" HPOS="812"/><SP WIDTH="13" VPOS="1884" HPOS="832"/><String WC="0.9871428609" CONTENT="Christo" HEIGHT="29" WIDTH="126" VPOS="1883" HPOS="846"/><SP WIDTH="11" VPOS="1892" HPOS="973"/><String WC="0.9075000286" CONTENT="corporaliter" HEIGHT="41" WIDTH="205" VPOS="1879" HPOS="985"/><SP WIDTH="20" VPOS="1889" HPOS="1191"/><String WC="0.9419999719" CONTENT="amplexata“" HEIGHT="39" WIDTH="204" VPOS="1876" HPOS="1212"/><SP WIDTH="22" VPOS="1876" HPOS="1417"/><String WC="0.954444468" CONTENT="allegori-" HEIGHT="40" WIDTH="139" VPOS="1874" HPOS="1440"/></TextLine>
<TextLine HEIGHT="54" WIDTH="1383" VPOS="1918" HPOS="198"><String WC="1." CONTENT="siert" HEIGHT="28" WIDTH="76" VPOS="1937" HPOS="199"/><SP WIDTH="14" VPOS="1938" HPOS="276"/><String WC="1." CONTENT="—" HEIGHT="3" WIDTH="41" VPOS="1952" HPOS="291"/><SP WIDTH="12" VPOS="1944" HPOS="333"/><String WC="1." CONTENT="selbst" HEIGHT="30" WIDTH="98" VPOS="1933" HPOS="346"/><SP WIDTH="16" VPOS="1932" HPOS="445"/><String WC="1." CONTENT="die" HEIGHT="29" WIDTH="49" VPOS="1932" HPOS="462"/><SP WIDTH="17" VPOS="1933" HPOS="512"/><String WC="0.8224999905" CONTENT="Kreuzung" HEIGHT="38" WIDTH="172" VPOS="1931" HPOS="530"/><SP WIDTH="12" VPOS="1930" HPOS="703"/><String WC="0.8199999928" CONTENT="ihrer" HEIGHT="29" WIDTH="84" VPOS="1929" HPOS="716"/><SP WIDTH="14" VPOS="1929" HPOS="801"/><String WC="0.8640000224" CONTENT="Arm-Zweige" HEIGHT="39" WIDTH="217" VPOS="1926" HPOS="815"/><SP WIDTH="14" VPOS="1935" HPOS="1033"/><String WC="1." CONTENT="scheint" HEIGHT="31" WIDTH="123" VPOS="1923" HPOS="1047"/><SP WIDTH="16" VPOS="1927" HPOS="1170"/><String WC="1." CONTENT="mit" HEIGHT="30" WIDTH="61" VPOS="1922" HPOS="1186"/><SP WIDTH="16" VPOS="1922" HPOS="1247"/><String WC="0.9599999785" CONTENT="dieser" HEIGHT="29" WIDTH="101" VPOS="1921" HPOS="1263"/><SP WIDTH="15" VPOS="1921" HPOS="1364"/><String WC="0.7918182015" CONTENT="Vorstellung" HEIGHT="39" WIDTH="202" VPOS="1919" HPOS="1379"/></TextLine>
<TextLine HEIGHT="55" WIDTH="1380" VPOS="1963" HPOS="201"><String WC="0.7688235044" CONTENT="zusammenzuhängen." HEIGHT="42" WIDTH="359" VPOS="1976" HPOS="201"/><SP WIDTH="13" VPOS="1975" HPOS="561"/><String WC="1." CONTENT="Was" HEIGHT="29" WIDTH="76" VPOS="1975" HPOS="575"/><SP WIDTH="12" VPOS="1975" HPOS="652"/><String WC="1." CONTENT="die" HEIGHT="28" WIDTH="50" VPOS="1975" HPOS="665"/><SP WIDTH="15" VPOS="1974" HPOS="716"/><String WC="0.9618181586" CONTENT="Komposition" HEIGHT="40" WIDTH="226" VPOS="1971" HPOS="732"/><SP WIDTH="12" VPOS="1981" HPOS="959"/><String WC="0.9728571177" CONTENT="angeht," HEIGHT="39" WIDTH="127" VPOS="1969" HPOS="972"/><SP WIDTH="14" VPOS="1979" HPOS="1100"/><String WC="1." CONTENT="so" HEIGHT="20" WIDTH="34" VPOS="1977" HPOS="1115"/><SP WIDTH="11" VPOS="1977" HPOS="1150"/><String WC="0.9566666484" CONTENT="verwendet" HEIGHT="30" WIDTH="182" VPOS="1966" HPOS="1162"/><SP WIDTH="13" VPOS="1965" HPOS="1345"/><String WC="0.8700000048" CONTENT="der" HEIGHT="29" WIDTH="54" VPOS="1964" HPOS="1359"/><SP WIDTH="14" VPOS="1964" HPOS="1414"/><String WC="0.8999999762" CONTENT="Künstler" HEIGHT="29" WIDTH="152" VPOS="1963" HPOS="1429"/></TextLine>
<TextLine HEIGHT="56" WIDTH="1378" VPOS="2007" HPOS="202"><String WC="1." CONTENT="mit" HEIGHT="30" WIDTH="60" VPOS="2024" HPOS="202"/><SP WIDTH="12" VPOS="2027" HPOS="262"/><String WC="0.8349999785" CONTENT="gleicher" HEIGHT="39" WIDTH="136" VPOS="2023" HPOS="274"/><SP WIDTH="16" VPOS="2022" HPOS="410"/><String WC="0.996999979" CONTENT="Sicherheit" HEIGHT="30" WIDTH="175" VPOS="2020" HPOS="426"/><SP WIDTH="14" VPOS="2023" HPOS="601"/><String WC="0.9258333445" CONTENT="zentrierende" HEIGHT="31" WIDTH="216" VPOS="2017" HPOS="615"/><SP WIDTH="17" VPOS="2017" HPOS="831"/><String WC="0.8539999723" CONTENT="(Abb." HEIGHT="38" WIDTH="93" VPOS="2016" HPOS="848"/><SP WIDTH="16" VPOS="2024" HPOS="941"/><String WC="1." CONTENT="n)" HEIGHT="38" WIDTH="49" VPOS="2014" HPOS="958"/><SP WIDTH="16" VPOS="2014" HPOS="1007"/><String WC="1." CONTENT="wie" HEIGHT="29" WIDTH="56" VPOS="2013" HPOS="1023"/><SP WIDTH="13" VPOS="2013" HPOS="1080"/><String WC="0.9510526061" CONTENT="locker-illustrative" HEIGHT="34" WIDTH="311" VPOS="2008" HPOS="1094"/><SP WIDTH="17" VPOS="2008" HPOS="1406"/><String WC="0.9359999895" CONTENT="(Abb." HEIGHT="38" WIDTH="93" VPOS="2007" HPOS="1423"/><SP WIDTH="13" VPOS="2016" HPOS="1516"/><String WC="0.8166666627" CONTENT="io)" HEIGHT="37" WIDTH="50" VPOS="2007" HPOS="1530"/></TextLine>
<TextLine HEIGHT="54" WIDTH="1377" VPOS="2050" HPOS="206"><String WC="0.8999999762" CONTENT="Schemata;" HEIGHT="36" WIDTH="182" VPOS="2067" HPOS="206"/><SP WIDTH="14" VPOS="2067" HPOS="389"/><String WC="1." CONTENT="die" HEIGHT="29" WIDTH="49" VPOS="2066" HPOS="404"/><SP WIDTH="13" VPOS="2066" HPOS="454"/><String WC="0.9800000191" CONTENT="Landschaft" HEIGHT="31" WIDTH="196" VPOS="2063" HPOS="468"/><SP WIDTH="13" VPOS="2066" HPOS="665"/><String WC="0.9725000262" CONTENT="wird" HEIGHT="28" WIDTH="79" VPOS="2063" HPOS="679"/><SP WIDTH="12" VPOS="2063" HPOS="759"/><String WC="0.8424999714" CONTENT="frei" HEIGHT="29" WIDTH="58" VPOS="2061" HPOS="772"/><SP WIDTH="11" VPOS="2061" HPOS="831"/><String WC="0.7666666508" CONTENT="und" HEIGHT="30" WIDTH="67" VPOS="2060" HPOS="843"/><SP WIDTH="12" VPOS="2060" HPOS="911"/><String WC="0.7724999785" CONTENT="wirkungsvoll" HEIGHT="40" WIDTH="227" VPOS="2057" HPOS="924"/><SP WIDTH="11" VPOS="2056" HPOS="1152"/><String WC="1." CONTENT="in" HEIGHT="30" WIDTH="33" VPOS="2055" HPOS="1164"/><SP WIDTH="13" VPOS="2055" HPOS="1198"/><String WC="1." CONTENT="den" HEIGHT="30" WIDTH="60" VPOS="2054" HPOS="1212"/><SP WIDTH="13" VPOS="2055" HPOS="1273"/><String WC="0.9716666937" CONTENT="Dienst" HEIGHT="31" WIDTH="113" VPOS="2052" HPOS="1287"/><SP WIDTH="13" VPOS="2053" HPOS="1401"/><String WC="0.8100000024" CONTENT="der" HEIGHT="29" WIDTH="54" VPOS="2052" HPOS="1415"/><SP WIDTH="14" VPOS="2052" HPOS="1470"/><String WC="0.9599999785" CONTENT="Kom" HEIGHT="27" WIDTH="84" VPOS="2052" HPOS="1485" SUBS_TYPE="HypPart1" SUBS_CONTENT="Komposition"/><HYP CONTENT="­"/></TextLine>
<TextLine HEIGHT="57" WIDTH="1379" VPOS="2094" HPOS="204"><String WC="0.9812499881" CONTENT="position" HEIGHT="40" WIDTH="137" VPOS="2111" HPOS="204" SUBS_TYPE="HypPart2" SUBS_CONTENT="Komposition"/><SP WIDTH="16" VPOS="2121" HPOS="342"/><String WC="0.8622221947" CONTENT="gestellt," HEIGHT="39" WIDTH="136" VPOS="2110" HPOS="359"/><SP WIDTH="19" VPOS="2120" HPOS="496"/><String WC="0.9480000138" CONTENT="nicht" HEIGHT="29" WIDTH="88" VPOS="2109" HPOS="516"/><SP WIDTH="18" VPOS="2111" HPOS="605"/><String WC="0.7766666412" CONTENT="nur" HEIGHT="20" WIDTH="60" VPOS="2117" HPOS="624"/><SP WIDTH="16" VPOS="2107" HPOS="685"/><String WC="1." CONTENT="im" HEIGHT="28" WIDTH="46" VPOS="2107" HPOS="702"/><SP WIDTH="16" VPOS="2117" HPOS="749"/><String WC="1." CONTENT="zweiten" HEIGHT="31" WIDTH="132" VPOS="2104" HPOS="766"/><SP WIDTH="18" VPOS="2105" HPOS="899"/><String WC="0.9333333373" CONTENT="Blatt," HEIGHT="34" WIDTH="101" VPOS="2103" HPOS="918"/><SP WIDTH="19" VPOS="2112" HPOS="1020"/><String WC="1." CONTENT="sondern" HEIGHT="30" WIDTH="136" VPOS="2101" HPOS="1040"/><SP WIDTH="18" VPOS="2109" HPOS="1177"/><String WC="0.6800000072" CONTENT="auch" HEIGHT="29" WIDTH="81" VPOS="2099" HPOS="1196"/><SP WIDTH="18" VPOS="2099" HPOS="1278"/><String WC="0.9066666961" CONTENT="auf" HEIGHT="30" WIDTH="56" VPOS="2097" HPOS="1297"/><SP WIDTH="16" VPOS="2097" HPOS="1354"/><String WC="0.9066666961" CONTENT="der" HEIGHT="28" WIDTH="55" VPOS="2097" HPOS="1371"/><SP WIDTH="18" VPOS="2097" HPOS="1427"/><String WC="0.978333354" CONTENT="Doppel" HEIGHT="39" WIDTH="124" VPOS="2095" HPOS="1446" SUBS_TYPE="HypPart1" SUBS_CONTENT="Doppelszene,"/><HYP CONTENT="­"/></TextLine>
<TextLine HEIGHT="56" WIDTH="1381" VPOS="2138" HPOS="204"><String WC="0.9983333349" CONTENT="szene," HEIGHT="25" WIDTH="101" VPOS="2166" HPOS="205" SUBS_TYPE="HypPart2" SUBS_CONTENT="Doppelszene,"/><SP WIDTH="16" VPOS="2166" HPOS="307"/><String WC="1." CONTENT="wo" HEIGHT="19" WIDTH="48" VPOS="2165" HPOS="324"/><SP WIDTH="14" VPOS="2165" HPOS="373"/><String WC="1." CONTENT="nach" HEIGHT="29" WIDTH="84" VPOS="2155" HPOS="387"/><SP WIDTH="16" VPOS="2155" HPOS="471"/><String WC="0.96450001" CONTENT="antik-byzantinischem" HEIGHT="41" WIDTH="381" VPOS="2150" HPOS="487"/><SP WIDTH="16" VPOS="2150" HPOS="868"/><String WC="0.9900000095" CONTENT="Vorgang" HEIGHT="38" WIDTH="150" VPOS="2148" HPOS="884"/><SP WIDTH="17" VPOS="2147" HPOS="1034"/><String WC="1." CONTENT="die" HEIGHT="29" WIDTH="50" VPOS="2146" HPOS="1051"/><SP WIDTH="17" VPOS="2146" HPOS="1101"/><String WC="0.9662500024" CONTENT="Erdwelle" HEIGHT="31" WIDTH="156" VPOS="2143" HPOS="1118"/><SP WIDTH="17" VPOS="2143" HPOS="1274"/><String WC="1." CONTENT="der" HEIGHT="28" WIDTH="56" VPOS="2142" HPOS="1291"/><SP WIDTH="16" VPOS="2141" HPOS="1347"/><String WC="0.7890909314" CONTENT="Verfolgungs" HEIGHT="39" WIDTH="208" VPOS="2139" HPOS="1363" SUBS_TYPE="HypPart1" SUBS_CONTENT="Verfolgungsszene"/><HYP CONTENT="­"/></TextLine>
<TextLine HEIGHT="58" WIDTH="1380" VPOS="2181" HPOS="205"><String WC="0.9359999895" CONTENT="szene" HEIGHT="20" WIDTH="91" VPOS="2210" HPOS="205" SUBS_TYPE="HypPart2" SUBS_CONTENT="Verfolgungsszene"/><SP WIDTH="12" VPOS="2209" HPOS="297"/><String WC="0.9033333063" CONTENT="zum" HEIGHT="18" WIDTH="74" VPOS="2210" HPOS="310"/><SP WIDTH="11" VPOS="2199" HPOS="385"/><String WC="0.7811111212" CONTENT="Verbergen" HEIGHT="40" WIDTH="178" VPOS="2197" HPOS="397"/><SP WIDTH="13" VPOS="2197" HPOS="576"/><String WC="1." CONTENT="des" HEIGHT="28" WIDTH="54" VPOS="2197" HPOS="590"/><SP WIDTH="13" VPOS="2196" HPOS="645"/><String WC="0.7266666889" CONTENT="Apollo" HEIGHT="37" WIDTH="113" VPOS="2196" HPOS="659"/><SP WIDTH="12" VPOS="2194" HPOS="773"/><String WC="1." CONTENT="in" HEIGHT="29" WIDTH="33" VPOS="2194" HPOS="786"/><SP WIDTH="13" VPOS="2194" HPOS="820"/><String WC="1." CONTENT="der" HEIGHT="29" WIDTH="55" VPOS="2193" HPOS="834"/><SP WIDTH="14" VPOS="2193" HPOS="890"/><String WC="0.8105263114" CONTENT="Rettungsdarstellung" HEIGHT="42" WIDTH="359" VPOS="2187" HPOS="905"/><SP WIDTH="12" VPOS="2196" HPOS="1265"/><String WC="0.6233333349" CONTENT="und" HEIGHT="28" WIDTH="66" VPOS="2186" HPOS="1278"/><SP WIDTH="12" VPOS="2185" HPOS="1345"/><String WC="0.7537500262" CONTENT="zugleich" HEIGHT="40" WIDTH="140" VPOS="2182" HPOS="1358"/><SP WIDTH="12" VPOS="2183" HPOS="1499"/><String WC="0.8866666555" CONTENT="zum" HEIGHT="19" WIDTH="73" VPOS="2191" HPOS="1512"/></TextLine>
<TextLine HEIGHT="55" WIDTH="1377" VPOS="2225" HPOS="207"><String WC="0.9957894683" CONTENT="Ineinanderverzahnen" HEIGHT="32" WIDTH="367" VPOS="2241" HPOS="207"/><SP WIDTH="13" VPOS="2242" HPOS="575"/><String WC="0.9316666722" CONTENT="beider" HEIGHT="30" WIDTH="108" VPOS="2240" HPOS="589"/><SP WIDTH="15" VPOS="2240" HPOS="698"/><String WC="0.9800000191" CONTENT="Bildteile" HEIGHT="30" WIDTH="147" VPOS="2238" HPOS="714"/><SP WIDTH="14" VPOS="2248" HPOS="862"/><String WC="0.9322222471" CONTENT="verwendet" HEIGHT="31" WIDTH="183" VPOS="2235" HPOS="877"/><SP WIDTH="14" VPOS="2236" HPOS="1061"/><String WC="0.9440000057" CONTENT="wird." HEIGHT="31" WIDTH="88" VPOS="2232" HPOS="1076"/><SP WIDTH="15" VPOS="2233" HPOS="1165"/><String WC="0.8399999738" CONTENT="Die" HEIGHT="30" WIDTH="60" VPOS="2231" HPOS="1181"/><SP WIDTH="15" VPOS="2232" HPOS="1242"/><String WC="0.9277777672" CONTENT="Fähigkeit" HEIGHT="39" WIDTH="165" VPOS="2229" HPOS="1258"/><SP WIDTH="15" VPOS="2228" HPOS="1424"/><String WC="1." CONTENT="des" HEIGHT="29" WIDTH="54" VPOS="2227" HPOS="1440"/><SP WIDTH="15" VPOS="2227" HPOS="1495"/><String WC="0.7400000095" CONTENT="Illu" HEIGHT="29" WIDTH="60" VPOS="2226" HPOS="1511" SUBS_TYPE="HypPart1" SUBS_CONTENT="Illustrators"/><HYP CONTENT="­"/></TextLine>
<TextLine HEIGHT="56" WIDTH="1380" VPOS="2270" HPOS="205"><String WC="0.9612500072" CONTENT="strators" HEIGHT="28" WIDTH="136" VPOS="2290" HPOS="205" SUBS_TYPE="HypPart2" SUBS_CONTENT="Illustrators"/><SP WIDTH="18" VPOS="2298" HPOS="342"/><String WC="0.8633333445" CONTENT="zur" HEIGHT="19" WIDTH="56" VPOS="2297" HPOS="361"/><SP WIDTH="19" VPOS="2287" HPOS="418"/><String WC="0.5614285469" CONTENT="Bildung" HEIGHT="38" WIDTH="138" VPOS="2286" HPOS="438"/><SP WIDTH="18" VPOS="2296" HPOS="577"/><String WC="1." CONTENT="von" HEIGHT="20" WIDTH="64" VPOS="2294" HPOS="596"/><SP WIDTH="22" VPOS="2284" HPOS="661"/><String WC="0.8371428847" CONTENT="Gruppen" HEIGHT="38" WIDTH="154" VPOS="2283" HPOS="684"/><SP WIDTH="19" VPOS="2292" HPOS="839"/><String WC="0.9833333492" CONTENT="aus" HEIGHT="20" WIDTH="58" VPOS="2291" HPOS="859"/><SP WIDTH="19" VPOS="2291" HPOS="918"/><String WC="0.9875000119" CONTENT="zwei" HEIGHT="29" WIDTH="77" VPOS="2280" HPOS="938"/><SP WIDTH="19" VPOS="2280" HPOS="1016"/><String WC="1." CONTENT="mehr" HEIGHT="30" WIDTH="90" VPOS="2277" HPOS="1036"/><SP WIDTH="20" VPOS="2287" HPOS="1127"/><String WC="0.9449999928" CONTENT="oder" HEIGHT="29" WIDTH="74" VPOS="2277" HPOS="1148"/><SP WIDTH="20" VPOS="2285" HPOS="1223"/><String WC="0.8428571224" CONTENT="weniger" HEIGHT="40" WIDTH="134" VPOS="2273" HPOS="1244"/><SP WIDTH="20" VPOS="2273" HPOS="1378"/><String WC="0.9911110997" CONTENT="dynamisch" HEIGHT="39" WIDTH="187" VPOS="2270" HPOS="1398"/></TextLine>
<TextLine HEIGHT="57" WIDTH="1378" VPOS="2313" HPOS="207"><String WC="0.9424999952" CONTENT="konzipierten" HEIGHT="38" WIDTH="218" VPOS="2332" HPOS="207"/><SP WIDTH="14" VPOS="2331" HPOS="426"/><String WC="0.8528571725" CONTENT="Figuren" HEIGHT="38" WIDTH="135" VPOS="2330" HPOS="441"/><SP WIDTH="13" VPOS="2340" HPOS="577"/><String WC="1." CONTENT="weist" HEIGHT="29" WIDTH="89" VPOS="2329" HPOS="591"/><SP WIDTH="14" VPOS="2331" HPOS="681"/><String WC="1." CONTENT="weit" HEIGHT="29" WIDTH="72" VPOS="2328" HPOS="696"/><SP WIDTH="14" VPOS="2330" HPOS="769"/><String WC="0.8849999905" CONTENT="voraus" HEIGHT="20" WIDTH="117" VPOS="2335" HPOS="784"/><SP WIDTH="13" VPOS="2335" HPOS="902"/><String WC="0.7966666818" CONTENT="auf" HEIGHT="30" WIDTH="57" VPOS="2324" HPOS="916"/><SP WIDTH="13" VPOS="2324" HPOS="974"/><String WC="0.8623076677" CONTENT="Darstellungen" HEIGHT="41" WIDTH="245" VPOS="2321" HPOS="988"/><SP WIDTH="14" VPOS="2319" HPOS="1234"/><String WC="1." CONTENT="des" HEIGHT="28" WIDTH="54" VPOS="2319" HPOS="1249"/><SP WIDTH="12" VPOS="2328" HPOS="1304"/><String WC="0.9366666675" CONTENT="reifen" HEIGHT="31" WIDTH="98" VPOS="2315" HPOS="1317"/><SP WIDTH="20" VPOS="2316" HPOS="1416"/><String WC="0.7642857432" CONTENT="Quattro" HEIGHT="38" WIDTH="135" VPOS="2315" HPOS="1437" SUBS_TYPE="HypPart1" SUBS_CONTENT="Quattrocento"/><HYP CONTENT="­"/></TextLine>
<TextLine HEIGHT="57" WIDTH="1380" VPOS="2357" HPOS="206"><String WC="1." CONTENT="cento" HEIGHT="26" WIDTH="94" VPOS="2380" HPOS="206" SUBS_TYPE="HypPart2" SUBS_CONTENT="Quattrocento"/><SP WIDTH="8" VPOS="2386" HPOS="300"/><String WC="1." CONTENT=";" HEIGHT="26" WIDTH="7" VPOS="2385" HPOS="308"/><SP WIDTH="13" VPOS="2385" HPOS="315"/><String WC="0.9883333445" CONTENT="gerade" HEIGHT="38" WIDTH="115" VPOS="2375" HPOS="328"/><SP WIDTH="14" VPOS="2375" HPOS="443"/><String WC="0.94599998" CONTENT="darin" HEIGHT="29" WIDTH="91" VPOS="2374" HPOS="457"/><SP WIDTH="12" VPOS="2374" HPOS="548"/><String WC="1." CONTENT="ist" HEIGHT="28" WIDTH="43" VPOS="2374" HPOS="560"/><SP WIDTH="13" VPOS="2374" HPOS="603"/><String WC="0.9133333564" CONTENT="der" HEIGHT="29" WIDTH="56" VPOS="2373" HPOS="616"/><SP WIDTH="12" VPOS="2373" HPOS="672"/><String WC="1." CONTENT="Abstand" HEIGHT="30" WIDTH="149" VPOS="2371" HPOS="684"/><SP WIDTH="13" VPOS="2371" HPOS="833"/><String WC="1." CONTENT="der" HEIGHT="29" WIDTH="56" VPOS="2370" HPOS="846"/><SP WIDTH="13" VPOS="2379" HPOS="902"/><String WC="0.9624999762" CONTENT="oben" HEIGHT="28" WIDTH="83" VPOS="2369" HPOS="915"/><SP WIDTH="13" VPOS="2368" HPOS="998"/><String WC="0.9533333182" CONTENT="besprochenen" HEIGHT="42" WIDTH="237" VPOS="2363" HPOS="1011"/><SP WIDTH="13" VPOS="2372" HPOS="1248"/><String WC="0.9169999957" CONTENT="nordischen" HEIGHT="30" WIDTH="187" VPOS="2360" HPOS="1261"/><SP WIDTH="13" VPOS="2360" HPOS="1449"/><String WC="0.9028571248" CONTENT="Blätter" HEIGHT="31" WIDTH="122" VPOS="2357" HPOS="1463"/></TextLine>
<TextLine HEIGHT="50" WIDTH="1378" VPOS="2435" HPOS="207"><String WC="0.8066666722" CONTENT="ist" HEIGHT="23" WIDTH="38" VPOS="2456" HPOS="207"/><SP WIDTH="14" VPOS="2458" HPOS="246"/><String WC="0.7466666698" CONTENT="mit" HEIGHT="23" WIDTH="52" VPOS="2456" HPOS="261"/><SP WIDTH="14" VPOS="2455" HPOS="314"/><String WC="0.7966666818" CONTENT="der" HEIGHT="25" WIDTH="49" VPOS="2454" HPOS="329"/><SP WIDTH="14" VPOS="2455" HPOS="379"/><String WC="0.7023077011" CONTENT="Ausschmückung" HEIGHT="32" WIDTH="246" VPOS="2452" HPOS="394"/><SP WIDTH="14" VPOS="2453" HPOS="641"/><String WC="0.8100000024" CONTENT="des" HEIGHT="24" WIDTH="47" VPOS="2451" HPOS="656"/><SP WIDTH="13" VPOS="2451" HPOS="704"/><String WC="0.9424999952" CONTENT="Cod." HEIGHT="23" WIDTH="66" VPOS="2450" HPOS="718"/><SP WIDTH="15" VPOS="2457" HPOS="785"/><String WC="0.7659999728" CONTENT="nicht" HEIGHT="22" WIDTH="79" VPOS="2450" HPOS="801"/><SP WIDTH="12" VPOS="2448" HPOS="881"/><String WC="0.7116666436" CONTENT="fertig" HEIGHT="29" WIDTH="84" VPOS="2448" HPOS="894"/><SP WIDTH="13" VPOS="2454" HPOS="979"/><String WC="0.7855555415" CONTENT="geworden," HEIGHT="34" WIDTH="152" VPOS="2443" HPOS="993"/><SP WIDTH="16" VPOS="2451" HPOS="1146"/><String WC="0.8000000119" CONTENT="und" HEIGHT="22" WIDTH="56" VPOS="2443" HPOS="1163"/><SP WIDTH="14" VPOS="2442" HPOS="1220"/><String WC="0.9566666484" CONTENT="die" HEIGHT="23" WIDTH="43" VPOS="2441" HPOS="1235"/><SP WIDTH="13" VPOS="2441" HPOS="1279"/><String WC="0.7875000238" CONTENT="letzten," HEIGHT="28" WIDTH="111" VPOS="2439" HPOS="1293"/><SP WIDTH="15" VPOS="2446" HPOS="1405"/><String WC="0.728181839" CONTENT="unfertigen," HEIGHT="32" WIDTH="164" VPOS="2435" HPOS="1421"/></TextLine>
<TextLine HEIGHT="47" WIDTH="1379" VPOS="2470" HPOS="209"><String WC="0.6750000119" CONTENT="z." HEIGHT="14" WIDTH="23" VPOS="2500" HPOS="209"/><SP WIDTH="12" VPOS="2493" HPOS="232"/><String WC="1." CONTENT="T." HEIGHT="22" WIDTH="31" VPOS="2493" HPOS="244"/><SP WIDTH="20" VPOS="2500" HPOS="275"/><String WC="0.6266666651" CONTENT="nur" HEIGHT="18" WIDTH="54" VPOS="2497" HPOS="295"/><SP WIDTH="16" VPOS="2490" HPOS="349"/><String WC="0.8349999785" CONTENT="leicht" HEIGHT="24" WIDTH="86" VPOS="2489" HPOS="365"/><SP WIDTH="17" VPOS="2490" HPOS="451"/><String WC="0.771818161" CONTENT="skizzierten" HEIGHT="25" WIDTH="164" VPOS="2487" HPOS="468"/><SP WIDTH="17" VPOS="2489" HPOS="632"/><String WC="0.7507143021" CONTENT="Illustrationen" HEIGHT="26" WIDTH="210" VPOS="2485" HPOS="649"/><SP WIDTH="16" VPOS="2492" HPOS="859"/><String WC="0.6875" CONTENT="sind" HEIGHT="23" WIDTH="62" VPOS="2484" HPOS="876"/><SP WIDTH="17" VPOS="2484" HPOS="939"/><String WC="0.7366666794" CONTENT="von" HEIGHT="16" WIDTH="56" VPOS="2489" HPOS="957"/><SP WIDTH="16" VPOS="2482" HPOS="1014"/><String WC="0.7519999743" CONTENT="hohem" HEIGHT="24" WIDTH="102" VPOS="2480" HPOS="1031"/><SP WIDTH="16" VPOS="2478" HPOS="1134"/><String WC="0.7755555511" CONTENT="Interesse" HEIGHT="25" WIDTH="135" VPOS="2476" HPOS="1151"/><SP WIDTH="19" VPOS="2475" HPOS="1287"/><String WC="0.9340000153" CONTENT="(vgl." HEIGHT="32" WIDTH="63" VPOS="2473" HPOS="1307"/><SP WIDTH="19" VPOS="2474" HPOS="1371"/><String WC="0.5012500286" CONTENT="Panofsky" HEIGHT="32" WIDTH="140" VPOS="2471" HPOS="1391"/><SP WIDTH="15" VPOS="2471" HPOS="1532"/><String WC="1." CONTENT="im" HEIGHT="23" WIDTH="39" VPOS="2470" HPOS="1548"/></TextLine>
<TextLine HEIGHT="38" WIDTH="570" VPOS="2520" HPOS="212"><String WC="0.6842857003" CONTENT="Städeljahrbuch" HEIGHT="34" WIDTH="235" VPOS="2524" HPOS="212"/><SP WIDTH="12" VPOS="2524" HPOS="447"/><String WC="0.9366666675" CONTENT="VI," HEIGHT="26" WIDTH="49" VPOS="2524" HPOS="460"/><SP WIDTH="15" VPOS="2531" HPOS="510"/><String WC="0.4050000012" CONTENT="29" HEIGHT="22" WIDTH="33" VPOS="2530" HPOS="526"/><SP WIDTH="13" VPOS="2530" HPOS="560"/><String WC="0.8700000048" CONTENT="mit" HEIGHT="23" WIDTH="52" VPOS="2522" HPOS="574"/><SP WIDTH="11" VPOS="2524" HPOS="627"/><String WC="0.6924999952" CONTENT="Abb." HEIGHT="24" WIDTH="72" VPOS="2522" HPOS="639"/><SP WIDTH="15" VPOS="2528" HPOS="712"/><String WC="0.8299999833" CONTENT="25)." HEIGHT="30" WIDTH="54" VPOS="2521" HPOS="728"/></TextLine>
<TextLine HEIGHT="35" WIDTH="429" VPOS="2557" HPOS="293"><String WC="0.875" CONTENT="1)" HEIGHT="31" WIDTH="24" VPOS="2561" HPOS="293"/><SP WIDTH="16" VPOS="2561" HPOS="318"/><String WC="1." CONTENT="S." HEIGHT="23" WIDTH="26" VPOS="2561" HPOS="335"/><SP WIDTH="11" VPOS="2561" HPOS="362"/><String WC="0.9166666865" CONTENT="Exkurs" HEIGHT="24" WIDTH="110" VPOS="2559" HPOS="374"/><SP WIDTH="9" VPOS="2559" HPOS="485"/><String WC="0.7400000095" CONTENT="I," HEIGHT="27" WIDTH="23" VPOS="2559" HPOS="495"/><SP WIDTH="17" VPOS="2559" HPOS="519"/><String WC="0.823333323" CONTENT="letzte" HEIGHT="24" WIDTH="84" VPOS="2558" HPOS="537"/><SP WIDTH="19" VPOS="2559" HPOS="621"/><String WC="0.6924999952" CONTENT="Anm." HEIGHT="23" WIDTH="82" VPOS="2558" HPOS="640"/></TextLine>
<TextLine HEIGHT="32" WIDTH="659" VPOS="2600" HPOS="264"><String WC="0.8899999857" CONTENT="Studien" HEIGHT="20" WIDTH="88" VPOS="2608" HPOS="264"/><SP WIDTH="14" VPOS="2608" HPOS="352"/><String WC="0.6366666555" CONTENT="der" HEIGHT="18" WIDTH="38" VPOS="2608" HPOS="366"/><SP WIDTH="12" VPOS="2608" HPOS="405"/><String WC="0.5749999881" CONTENT="Bibliothek" HEIGHT="20" WIDTH="122" VPOS="2606" HPOS="418"/><SP WIDTH="12" VPOS="2605" HPOS="541"/><String WC="0.6200000048" CONTENT="Warburg," HEIGHT="24" WIDTH="112" VPOS="2604" HPOS="554"/><SP WIDTH="15" VPOS="2610" HPOS="666"/><String WC="0.5066666603" CONTENT="23." HEIGHT="16" WIDTH="33" VPOS="2610" HPOS="681"/><SP WIDTH="7" VPOS="2604" HPOS="714"/><String WC="0.8740000129" CONTENT="Heft:" HEIGHT="18" WIDTH="62" VPOS="2603" HPOS="722"/><SP WIDTH="15" VPOS="2602" HPOS="785"/><String WC="0.7628571391" CONTENT="Stechow" HEIGHT="21" WIDTH="121" VPOS="2600" HPOS="801"/></TextLine>
</TextBlock>
<TextBlock ID="Page1_Block6" HEIGHT="28" WIDTH="26" VPOS="2588" HPOS="1357" language="de"><Shape><Polygon POINTS="1363,2604 1389,2604 1389,2633 1363,2633 1363,2604"/></Shape>
<TextLine HEIGHT="15" WIDTH="14" VPOS="2594" HPOS="1362"><String WC="0.3300000131" CONTENT="2" HEIGHT="15" WIDTH="14" VPOS="2594" HPOS="1362"/></TextLine>
</TextBlock><GraphicalElement ID="Page1_Block7" HEIGHT="5" WIDTH="210" VPOS="2428" HPOS="210"/>
</PrintSpace>
</Page>
</Layout>
</alto>