2409 3159
835 346 41 22 22

1382 346 130 25 Bildliche
1527 347 205 31 Darstellungen
1746 348 29 22 in
1790 348 153 22 Mittelalter
1957 350 55 23 und
2028 350 180 25 Renaissance

832 409 49 29 die
900 409 229 37 mager-eckige
1147 409 59 27 Art
1224 409 55 30 des
1297 410 165 29 Vorbildes
1479 410 32 28 in
1530 410 56 29 das
1605 410 300 38 Füllig-Gerundete
1922 411 213 39 transponiert
2153 414 52 35 ist,

831 452 57 29 das
907 453 103 27 Dürer
1028 461 56 19 um
1102 452 85 29 diese
1205 452 69 30 Zeit
1292 454 107 33 liebte,
1418 453 59 29 wie
1495 454 50 28 die
1560 453 154 31 Labilität
1733 454 56 28 des
1806 453 218 31 italienischen
2042 456 113 38 Apollo
2173 458 33 28 in

831 495 270 38 Herkules-artige
1125 495 272 40 Standfestigkeit,
1424 497 66 29 sein
1516 497 301 39 matt-gewinkelter
1836 498 33 27 in
1888 497 90 30 einen
1999 499 118 39 kräftig
2135 511 57 19 aus­

829 538 200 39 gestreckten
1052 540 91 34 Arm,
1167 540 152 38 Daphnes
1344 540 241 37 „ornamental“
1610 542 168 38 geknickte
1802 541 33 28 in
1860 540 189 31 verzweifelt
2073 543 119 39 hochge­

830 583 136 29 worfene
984 583 97 29 Arme
1098 583 195 31 verwandelt
1312 585 127 28 worden
1456 585 81 34 sind,
1557 586 66 28 und
1641 586 102 29 damit
1764 585 72 38 (vgl.
1851 585 82 28 auch
1952 585 81 29 Abb.
2049 594 36 20 n
2104 596 31 20 u.
2156 588 48 37 17)

829 624 1377 45 eine beträchtliche Steigerung des transitorischen Elements erzielt ist * 1 ), ohne
830 670 62 30 daß
910 671 121 28 freilich
1048 672 98 28 schon
1164 672 56 29 das
1235 672 167 38 Verfolgen
1418 681 81 29 ganz
1513 672 169 39 sinnfällig,
1699 672 263 39 „überzeugend"
1978 673 229 39 durchgeführt

829 716 82 27 wäre
931 732 40 2 —
989 715 82 28 dazu
1089 716 58 27 hat
1166 715 55 29 der
1241 716 112 37 Apollo
1372 716 82 29 noch
1473 726 40 18 zu
1531 717 63 28 viel
1613 726 63 20 von
1695 717 168 29 statischer
1886 716 227 39 Studienfigur.

910 759 79 28 Eine
1006 759 137 37 Lösung,
1160 759 50 29 die
1227 759 73 30 dem
1316 759 262 39 Verwandlungs-
1594 762 57 27 wie
1668 761 73 28 dem
1757 761 222 39 Verfolgungs-
1995 762 66 28 und
2079 761 114 30 Flucht­

830 802 101 29 motiv
947 803 211 36 gleichmäßig
1174 803 45 28 im
1237 803 171 28 modernen
1428 803 94 29 Sinne
1540 803 126 39 gerecht
1685 805 88 33 wird,
1792 805 101 28 findet
1912 805 66 30 sich
1997 806 86 28 dann
2100 806 34 27 in
2152 806 56 28 der

828 845 196 30 Dekoration
1037 846 54 28 der
1100 845 186 36 Farnesina;
1299 847 44 28 sie
1355 847 41 28 ist
1409 846 121 38 strittig
1541 847 154 30 zwischen
1708 849 128 27 Peruzzi
1849 849 66 28 und
1929 848 105 30 Giulio
2049 850 157 34 Romano,

827 890 81 28 doch
919 890 120 28 scheint
1049 890 68 28 ihre
1132 890 279 39 Entstehungszeit
1428 891 142 29 ziemlich
1585 892 227 30 festzustehen:
1830 899 156 31 1510—12
2010 894 93 37 (Abb.
2116 893 50 38 20)
2171 894 11 16 2
2184 894 20 37 ).

829 933 37 29 In
890 934 161 28 ähnlicher
1074 934 146 38 Haltung
1242 935 57 28 wie
1322 934 51 29 bei
1397 934 172 29 Pollaiuolo
1592 935 54 30 eilt
1670 936 113 37 Apollo
1805 937 112 33 heran;
1947 938 75 28 aber
2045 947 64 19 was
2133 938 72 29 dort

826 976 195 30 tänzerische
1046 976 210 39 Leichtigkeit
1281 987 73 24 war,
1381 978 78 28 wird
1482 979 67 28 hier
1574 989 39 19 zu
1637 979 165 29 derberem
1824 980 181 39 Zupacken,
2031 982 100 28 wobei
2155 981 50 30 die

826 1020 130 39 größere
986 1020 262 39 Standfestigkeit
1275 1022 99 28 durch
1402 1021 210 39 Rückgreifen
1638 1024 55 27 auf
1719 1024 107 27 antike
1853 1024 165 30 Vorbilder
2044 1026 162 29 vermehrt

827 1064 88 34 wird,
933 1065 95 27 deren
1045 1065 132 28 Einfluß
1194 1064 66 30 sich
1277 1065 81 28 auch
1375 1065 33 28 in
1425 1065 61 28 den
1503 1065 195 31 flatternden
1716 1067 128 28 Haaren
1861 1067 66 28 und
1944 1069 73 29 dem
2033 1070 172 29 wehenden

828 1108 119 29 Mantel
959 1108 139 28 deutlich
1111 1109 92 36 zeigt.
1206 1108 12 18 3
1221 1109 9 37 )
1252 1109 37 27 In
1307 1109 54 28 der
1373 1109 138 28 nackten
1524 1109 135 38 Daphne
1671 1110 42 28 ist
1725 1110 50 28 die
1787 1110 265 40 Verschmelzung
2063 1114 129 29 mensch­

825 1151 96 29 licher
940 1152 66 27 und
1023 1151 194 39 vegetabder
1236 1152 95 28 Form
1349 1153 303 29 vervollkommnet:
1671 1154 51 33 da,
1742 1163 48 19 wo
1808 1154 113 37 Apollo
1939 1154 122 36 zufaßt,
2079 1158 58 27 hat
2156 1157 50 30 die

825 1194 342 38 Hauptverwandlung
1188 1195 188 39 eingesetzt;
1399 1196 56 28 der
1478 1196 219 39 Unterkörper
1720 1198 102 33 „wird
1842 1197 136 39 gerade“
2004 1200 135 34 Stamm,
2162 1201 46 27 im

825 1238 232 29 Oberschenkel
1079 1239 43 28 ist
1146 1238 56 30 das
1227 1240 210 28 Menschliche
1460 1240 82 28 noch
1565 1250 40 20 zu
1628 1243 131 36 spüren;
1784 1242 55 28 der
1863 1241 200 40 Oberkörper
2086 1245 120 28 wächst

823 1282 88 29 nicht
927 1282 89 29 mehr
1029 1282 161 38 irgendwo
1206 1283 146 29 dahinter
1366 1283 116 29 hervor
1497 1284 57 28 wie
1569 1284 56 29 auf
1639 1285 94 38 jenen
1748 1285 187 38 koptischen
1951 1287 255 38 Darstellungen,

823 1326 136 29 sondern
979 1326 41 28 ist
1036 1327 58 27 mit
1111 1326 74 29 dem
1201 1326 125 30 Stamm
1339 1328 33 27 in
1387 1328 244 38 „organischer“
1648 1330 219 37 Verbindung;
1891 1330 105 29 Haare
2012 1332 65 28 und
2093 1333 114 36 Finger

827 1369 168 36 „werden“
1017 1380 40 19 zu
1073 1370 105 35 Laub;
1197 1371 66 29 und
1279 1381 58 19 vor
1353 1372 106 28 allem:
1478 1373 101 37 Angst
1597 1374 66 28 und
1680 1374 114 28 Flucht
1811 1374 152 38 Daphnes
1980 1384 57 20 vor
2053 1377 74 27 dem
2142 1377 50 28 An­

824 1413 195 39 dringenden
1037 1414 136 35 werden,
1192 1415 81 29 auch
1290 1416 68 28 hier
1376 1419 92 25 unter
1487 1416 135 30 Mithilfe
1640 1418 125 28 antiker
1782 1418 241 40 Erinnerungen
2031 1420 12 17 3
2045 1420 20 37 ),
2091 1430 35 19 so
2151 1430 40 18 an­

823 1457 161 30 schaulich
1005 1459 57 28 wie
1082 1459 60 28 seit
1163 1459 56 29 der
1239 1460 234 28 französischen
1494 1460 152 30 Miniatur
1667 1462 54 29 des
1744 1471 47 28 14.
1807 1462 236 39 Jahrhunderts
2066 1464 92 38 (Abb.
2173 1464 30 38 3)

824 1502 99 28 kaum
937 1502 127 37 jemals:
1081 1503 35 28 in
1133 1502 73 31 dem
1223 1504 159 38 angstvoll
1398 1505 261 38 umgewendeten
1678 1506 88 37 Kopf
1783 1506 56 29 wie
1856 1507 33 27 in
1906 1506 55 30 der
1978 1508 140 29 fliehend
2133 1518 58 19 vor­

822 1546 179 39 gebeugten
1033 1546 156 40 Haltung,
1224 1548 50 29 die
1306 1548 98 29 selbst
1436 1549 46 27 im
1512 1550 328 39 stammgewordenen
1872 1551 219 39 Unterkörper
2122 1553 83 29 noch

824 1590 140 30 deutlich
985 1591 51 29 ist.

904 1635 43 28 Es
966 1634 42 30 ist
1029 1636 99 28 kaum
1148 1636 201 36 zweifelhaft,
1371 1638 63 28 daß
1455 1638 84 29 diese
1560 1639 206 38 Darstellung
1784 1657 42 3 —
1845 1640 90 28 mehr
1955 1641 46 28 als
2021 1641 51 28 die
2092 1651 61 19 nur
2172 1641 34 28 in

823 1678 218 29 Einzelheiten
1061 1680 185 29 verwandte
1267 1681 265 30 Wolfenbütteler
1552 1699 42 4 —
1613 1684 74 28 dem
1708 1684 203 28 Holzschnitt
1933 1684 55 29 des
2010 1685 196 34 „Meisters

823 1748 93 24 dürfte
929 1750 72 22 doch
1013 1750 72 22 wohl
1097 1750 47 23 ein
1156 1750 121 24 direkter
1291 1752 240 30 Zusammenhang
1544 1752 142 28 bestehen,
1701 1761 47 15 um
1761 1761 30 15 so
1805 1754 78 22 mehr
1895 1754 41 22 als
1949 1755 72 23 nach
2033 1755 90 23 einem
2137 1755 58 23 Hin­

823 1783 65 24 weis
904 1784 154 31 Panofskys
1075 1785 114 30 (Dürers
1206 1786 126 30 Stellung
1347 1794 47 15 zur
1410 1787 111 26 Antike,
1541 1788 44 30 Jb.
1603 1788 18 23 f.
1640 1789 185 29 Kunstgesch.
1845 1789 112 31 1921/22
1977 1791 25 22 S.
2016 1798 31 22 51
2065 1792 81 21 Anm.
2160 1794 42 27 31)

822 1819 46 23 ein
882 1820 187 27 Holzschnitt,
1085 1821 50 22 der
1149 1821 29 22 in
1192 1821 67 24 zwei
1273 1823 121 22 anderen
1408 1822 233 31 Celtesausgaben
1655 1824 168 27 vorkommt,
1840 1825 48 22 auf
1902 1825 44 23 die
1962 1826 96 23 zweite
2072 1826 134 23 Miniatur

824 1854 48 24 des
887 1855 215 23 Wolfenbüttler
1118 1856 65 23 Cod.
1202 1856 110 31 (Apollo
1327 1858 58 22 und
1400 1858 44 22 die
1459 1858 105 26 Musen,
1581 1859 71 23 Abb.
1670 1860 44 22 bei
1729 1859 145 23 d’Ancona
1889 1867 25 15 a.
1926 1868 24 16 a.
1963 1861 43 30 O.)
2025 1862 177 29 zurückgeht.

825 1889 97 25 Leider
936 1890 37 23 ist
987 1898 28 15 es
1030 1891 52 22 mir
1096 1891 79 23 nicht
1189 1892 144 30 gelungen,
1349 1894 54 22 den
1417 1893 141 23 Verfasser
1574 1894 127 30 (Martius
1715 1895 67 23 oder
1796 1895 136 23 Martinus
1942 1896 21 30 ?)
1981 1905 32 14 zu
2029 1897 174 27 bestimmen,

823 1925 58 23 und
897 1926 46 22 ich
961 1927 67 22 muß
1045 1926 77 23 mich
1138 1927 91 23 damit
1245 1928 154 30 begnügen.
1419 1929 168 30 Zuständige
1603 1930 50 22 auf
1669 1931 51 22 das
1736 1931 60 22 hier
1812 1931 170 30 verborgene
1999 1932 128 23 Problem
2143 1932 50 23 auf­

823 1960 138 23 merksam
981 1969 32 15 zu
1034 1962 126 22 machen.
1181 1962 53 24 Die
1255 1964 135 22 Gedichte
1410 1964 145 23 enthalten
1575 1972 51 16 nur
1645 1966 45 22 die
1709 1966 130 23 üblichen
1858 1966 205 31 Anspielungen
2082 1968 49 22 auf
2149 1968 54 23 den

825 1996 100 23 Lauro.

903 2031 23 29 1)
947 2032 167 29 Angesichts
1138 2032 88 24 dieser
1252 2034 199 23 bedeutsamen
1471 2035 204 30 Umwandlung
1699 2037 138 22 erscheint
1857 2036 52 23 mir
1929 2037 144 23 Beenkens
2094 2038 110 23 Zweifel

822 2073 36 17 an
874 2067 101 22 Dürers
990 2067 181 23 Autorschaft
1187 2068 57 24 und
1259 2071 56 21 erst
1328 2070 78 22 recht
1421 2070 59 22 sein
1494 2070 149 31 Vorschlag
1658 2072 48 22 der
1720 2071 204 30 Zuschreibung
1939 2080 36 16 an
1989 2073 117 23 Barbari
2120 2081 72 22 unge­

821 2101 176 30 rechtfertigt
1010 2103 78 29 (Rep.
1101 2103 19 22 f.
1135 2103 60 22 Kw.
1210 2111 75 21 1929,
1298 2105 71 30 247).
1382 2106 70 22 Eine
1462 2106 100 29 lustige
1573 2107 171 30 Paraphrase
1754 2114 56 15 von
1821 2107 107 23 Erhard
1942 2109 99 26 Schön,
2054 2109 57 23 dat.
2126 2116 75 23 1540,

822 2136 29 23 in
867 2137 147 29 Erlangen,
1033 2138 241 31 Prestel-Katalog
1293 2147 74 21 1929,
1385 2141 47 22 Nr.
1446 2148 60 22 259,
1524 2141 59 23 Xaf.
1598 2149 57 22 105.

902 2172 25 30 2)
947 2172 47 23 Als
1019 2173 92 22 Giulio
1135 2174 127 23 Romano
1287 2176 45 22 bei
1355 2176 161 26 Hermanin,
1541 2177 40 23 La
1599 2177 156 26 Farnesina,
1775 2178 135 29 Bergamo
1931 2185 74 24 1927,
2025 2179 60 23 Taf.
2098 2181 104 26 XLVI;

821 2213 56 17 von
891 2207 152 31 Dollmayr,
1067 2209 45 29 Jb.
1127 2209 26 22 d.
1170 2210 114 23 Kunsts.
1300 2211 26 22 d.
1341 2211 44 22 ah.
1401 2212 126 22 Kaiserh.
1543 2212 95 27 XXII,
1656 2220 74 21 1901,
1746 2220 49 22 215
1810 2214 112 22 Peruzzi
1935 2214 130 30 gegeben,
2080 2216 48 22 der
2140 2216 51 22 frei­

820 2242 55 23 lich
895 2243 78 22 nicht
998 2243 45 23 für
1062 2244 45 22 die
1127 2252 23 14 z.
1162 2244 30 22 T.
1213 2246 79 22 recht
1312 2246 171 30 nachlässige
1502 2247 180 30 Ausführung
1700 2248 224 23 verantwortlich
1945 2251 129 29 gemacht
2094 2252 108 22 werden

821 2278 113 22 könnte.
960 2279 52 22 Die
1024 2279 119 29 Daphne
1157 2279 56 24 fast
1227 2288 88 22 genau
1330 2282 109 29 kopiert
1453 2282 72 23 noch
1537 2282 48 24 auf
1596 2283 63 23 dem
1671 2283 146 23 Titelblatt
1829 2284 48 22 des
1890 2284 142 28 „Tafereel
2043 2294 56 15 van
2111 2287 33 22 de
2156 2287 34 22 be­

819 2313 136 23 lachende
964 2314 122 22 Werelt“
1097 2321 57 16 von
1165 2315 32 22 A.
1208 2323 56 15 van
1274 2317 34 22 de
1318 2317 104 26 Venne,
1435 2318 81 29 Haag
1529 2319 74 29 1635,
1615 2326 42 15 wo
1667 2319 45 22 die
1724 2319 86 23 Szene
1820 2319 41 22 als
1871 2320 129 23 Attribut
2010 2322 48 21 der
2069 2321 129 27 „Poesis"

820 2348 145 27 erscheint,
983 2349 71 23 wohl
1070 2349 41 23 als
1127 2350 170 24 Vertreterin
1313 2352 47 22 des
1374 2353 119 22 Lorbeer
1507 2352 150 24 haltenden
1671 2354 106 30 Apollo,
1795 2355 54 22 den
1865 2355 72 31 Ripa
1953 2357 48 22 der
2015 2357 94 22 Poesie
2125 2364 63 15 zuer­

821 2383 95 24 kennt.

901 2419 25 29 3)
943 2415 150 28 Ähnliches
1111 2420 97 31 häufig
1225 2422 48 23 auf
1293 2422 261 31 Sarkophagreliefs,
1569 2423 55 30 vgl.
1639 2425 56 22 bes.
1710 2425 49 23 auf
1772 2425 63 23 dem
1849 2432 46 16 am
1909 2426 78 23 Ende
2001 2426 47 23 des
2064 2428 39 21 16.
2118 2427 69 29 Jahr­

821 2453 135 24 hunderts
973 2455 29 23 in
1021 2456 72 22 Rom
1111 2456 225 24 nachweisbaren
1353 2458 169 23 Münchener
1542 2459 162 31 Sarkophag
1723 2461 106 22 Robert
1847 2461 38 26 II,
1900 2462 57 30 167,
1977 2462 59 22 Taf.
2048 2461 78 24 LVII
2145 2462 54 23 den

821 2489 111 23 Orestes
948 2491 104 27 rechts;
1071 2498 49 16 zur
1137 2491 130 31 Daphne:
1286 2493 98 23 Medea
1401 2494 61 22 ebd.
1484 2494 58 28 196,
1561 2493 59 25 Taf.
1633 2496 95 26 LXII;
1748 2504 33 14 zu
1800 2496 115 23 Peneios
1932 2496 57 24 und
2006 2496 54 24 den
2077 2497 121 22 anderen

824 2523 176 25 Gottheiten:
1019 2526 235 32 Parissarkophag
1270 2528 61 23 ebd.
1353 2535 39 20 11,
1411 2529 59 22 Taf.
1483 2529 32 26 V,
1536 2529 99 24 Rafael
1652 2532 57 21 und
1726 2532 75 22 Marc
1819 2532 94 22 Anton
1930 2531 131 24 bekannt.
