2464 3159
184 376 127 29 Poussitt,
328 377 189 30 Jugendwerke

1516 378 40 32 35

1317 2611 14 22 3
1335 2608 2 7 :

179 440 85 29 Aber
282 449 33 20 es
328 440 69 37 gibt
416 441 68 28 hier
502 441 81 28 noch
601 440 69 29 eine
689 439 115 28 andere
818 437 240 39 Hauptperson,
1077 438 68 28 eine
1164 439 106 28 bisher
1289 450 60 18 nur
1367 440 109 36 selten,
1497 451 63 20 von

179 494 67 18 nun
263 493 41 18 an
320 484 114 38 häufig
450 484 159 38 wichtige:
627 484 107 28 Amor.
754 483 48 27 Ist
820 483 57 27 der
894 482 137 28 Lorbeer
1048 482 57 27 auf
1121 482 130 37 Apollos
1269 484 112 38 Haupt
1399 484 67 30 eine
1485 485 75 28 Pro-

178 527 97 38 lepsis
286 545 41 3 —
338 528 84 28 denn
434 537 33 19 er
479 528 105 28 bricht
596 527 66 29 sich
674 526 34 37 ja
720 526 61 27 den
792 524 106 39 Zweig
908 527 65 26 erst
986 525 82 29 nach
1082 525 153 37 Daphnes
1247 527 132 37 völliger
1391 528 155 29 Verwand­

178 572 79 37 lung
271 588 42 3 —
327 581 35 19 so
377 572 43 28 ist
436 573 115 27 Amors
567 569 188 38 Einfügung
768 569 70 28 hier
854 568 58 30 das
926 568 117 38 gerade
1062 568 178 39 Gegenteil:
1257 580 34 17 er
1307 570 148 29 entflieht
1472 572 87 28 nicht

180 617 84 27 etwa
282 615 68 37 (wie
366 625 33 19 es
414 617 109 36 später
538 615 85 28 dann
639 614 49 28 oft
704 613 177 37 geschieht)
899 613 47 27 als
961 612 290 38 triumphierender
1270 613 137 39 Sieger,
1425 615 136 30 sondern

180 670 34 18 er
229 659 89 30 zielt
333 662 76 26 erst
424 658 58 29 auf
493 659 125 37 Apollo,
633 657 152 29 vollzieht
800 657 68 28 also
882 656 69 29 eine
967 655 187 39 Handlung,
1170 656 51 27 die
1235 657 92 37 lange
1342 666 59 19 vor
1416 657 55 29 der
1486 659 62 28 Ver­

180 702 132 39 folgung
328 713 58 18 vor
401 703 68 28 sich
484 710 174 29 gegangen,
674 701 34 37 ja
725 701 97 28 deren
840 700 165 29 Ursache
1021 708 143 29 gewesen
1181 708 76 20 war.
1277 701 37 27 In
1332 699 119 31 diesem
1468 701 92 29 Bilde

180 748 72 28 sind
270 748 76 33 also,
365 756 91 19 wenn
475 755 74 18 man
566 745 119 29 einmal
702 743 191 38 pedantisch
912 753 75 19 vom
1005 743 276 30 Transitorischen
1299 744 57 28 her
1374 743 187 31 betrachten

180 792 74 33 will,
269 791 67 27 vier
351 790 233 33 verschiedene,
599 788 127 30 zeitlich
741 790 168 36 getrennte
925 788 84 28 Teile
1026 787 56 29 der
1098 787 184 38 Erzählung
1298 787 191 30 kombiniert
1506 798 56 19 zur

180 834 208 38 Darstellung
411 833 203 38 gekommen:

261 886 26 19 1.
300 878 61 27 Die
385 877 142 29 Ursache
551 877 56 28 der
629 885 123 29 ganzen
776 875 110 35 Fabel,
911 876 30 27 d.
954 875 32 28 h.
1012 875 56 29 der
1095 874 107 29 Schuß
1226 875 116 29 Amors
1366 876 57 28 auf
1446 876 115 37 Apollo

179 923 60 27 mit
259 921 73 28 dem
350 921 156 37 goldenen
527 921 93 34 Pfeil,

258 973 28 20 2.
299 965 52 28 die
370 965 119 29 Flucht
508 964 156 38 Daphnes
682 964 68 28 und
767 964 70 28 ihre
857 962 250 40 Verwandlung,

258 1017 29 28 3.
300 1009 60 28 Die
380 1010 101 36 Klage
499 1009 141 37 Apollos,
660 1008 55 28 der
733 1008 138 37 Daphne
889 1024 41 3 —
946 1008 83 28 nach
1048 1007 56 28 der
1122 1006 236 39 Verwandlung
1374 1024 41 3 —
1432 1006 127 29 umfaßt

179 1054 66 28 und
265 1053 61 28 den
346 1053 138 28 Lorbeer
503 1053 99 29 schon
621 1053 73 28 aufs
714 1052 114 38 Haupt
848 1054 122 36 gesetzt
990 1050 67 36 hat,

259 1106 27 27 4.
304 1097 59 28 Die
382 1098 102 37 Klage
503 1098 54 28 des
575 1097 132 29 Peneios
724 1106 55 18 um
796 1096 51 28 die
865 1096 144 29 Tochter.

258 1142 93 28 Dazu
367 1142 125 28 kommt
508 1142 82 28 noch
607 1141 58 29 das
679 1141 61 28 frei
755 1150 64 19 von
836 1139 269 39 Textbindungen
1122 1139 212 37 eingestreute
1352 1139 208 39 Puttenspiel.

261 1185 88 29 Ganz
367 1186 238 28 offensichtlich
623 1185 42 29 ist
686 1185 66 28 also
770 1185 70 28 hier
858 1184 44 29 im
922 1183 129 39 Prinzip
1070 1184 57 27 das
1146 1182 252 31 Transitorische
1416 1182 145 40 garnicht

177 1230 134 38 gesucht
337 1230 78 37 (und
438 1230 57 28 das
517 1229 191 30 vereinzelte
731 1228 194 30 Erscheinen
949 1229 55 28 des
1025 1226 443 41 spezifisch-transitorischen
1493 1227 56 29 Ele­

180 1277 104 26 ments
301 1274 34 28 in
354 1274 56 28 der
427 1275 69 28 sich
515 1273 267 30 verwandelnden
801 1273 138 37 Daphne
958 1272 96 28 wirkt
1074 1272 113 28 darum
1206 1272 50 27 ein
1275 1272 102 38 wenig
1396 1271 165 39 peinlich);

177 1318 133 38 gesucht
326 1318 43 28 ist
385 1318 155 29 vielmehr
557 1318 50 28 die
624 1316 239 40 gruppenhafte
880 1316 212 38 Vereinigung
1109 1325 63 19 von
1190 1316 148 37 Figuren,
1357 1315 50 29 die
1422 1315 71 39 jede
1510 1315 52 29 für

177 1363 69 28 sich
265 1362 46 28 im
332 1361 132 29 Grunde
482 1362 71 29 eine
572 1362 118 29 andere
711 1362 104 28 Phase
837 1361 57 29 der
911 1363 166 35 gesamten
1098 1360 185 37 Erzählung
1301 1359 261 39 repräsentieren.

179 1406 220 29 Andererseits
411 1406 133 29 handelt
557 1416 33 18 es
602 1405 68 29 sich
684 1406 77 28 aber
773 1406 84 28 auch
870 1405 89 28 nicht
973 1415 55 18 um
1040 1404 69 28 eine
1123 1404 227 37 Anschauung,
1364 1404 50 29 die
1427 1420 41 4 —
1479 1406 83 26 etwa

178 1451 46 28 im
244 1450 97 29 Sinne
361 1450 55 28 des
436 1448 244 31 Illustrators
698 1467 41 2 —
757 1459 55 19 um
833 1449 55 29 des
908 1448 220 34 Erzählens,
1150 1448 56 27 der
1225 1448 152 37 epischen
1397 1447 151 30 Deutlich­

178 1495 66 28 keit
269 1494 104 28 willen
397 1504 41 18 zu
461 1493 87 30 einer
573 1493 232 30 Kombination
828 1493 202 29 sukzessiver
1055 1492 159 27 Momente
1238 1491 109 38 griffe;
1373 1491 83 30 denn
1481 1494 80 26 statt

175 1537 211 30 illustrativer
402 1537 189 40 Lockerung
607 1536 83 39 zeigt
708 1537 57 29 das
782 1536 75 30 Bild
873 1536 237 38 gruppenhafte
1131 1535 274 29 Geschlossenheit
1423 1534 66 31 und
1507 1536 57 28 das

176 1584 168 29 bedeutet:
368 1582 51 30 die
434 1583 138 37 Figuren
585 1582 105 29 haben
704 1583 114 28 keinen
834 1581 252 39 ausgesprochen
1100 1581 142 34 aktiven,
1256 1582 135 27 sondern
1405 1580 90 29 einen
1511 1581 50 28 die

177 1628 177 38 Handlung
368 1636 63 20 nur
446 1627 265 29 andeutenden
727 1627 191 33 Charakter,
935 1627 67 27 und
1018 1626 58 28 das
1092 1625 75 28 Bild
1181 1625 91 28 führt
1289 1625 73 28 dem
1379 1624 181 39 Kundigen,

178 1673 73 28 dem
265 1672 130 28 Kenner
409 1671 102 29 Ovids
527 1671 101 38 (nicht
644 1671 83 35 dem,
742 1671 57 28 der
813 1671 53 28 die
883 1669 191 30 Geschichte
1089 1669 88 29 nicht
1193 1669 111 37 kennt)
1321 1669 100 28 durch
1436 1668 68 29 eine
1519 1678 41 19 an

177 1716 167 38 Lyrisches
372 1716 220 37 gemahnende
622 1715 216 39 Vereinigung
867 1714 200 29 sukzessiver
1098 1714 159 28 Momente
1288 1724 39 18 zu
1358 1712 204 30 simultanem

177 1760 155 39 „Klang“
351 1759 62 30 den
431 1759 383 39 ,,Stimmungs“-Gehalt
834 1760 57 28 der
909 1759 101 28 Fabel
1027 1768 60 19 vor
1105 1759 123 36 Augen.

257 1804 117 30 Diesen
395 1804 178 30 Charakter
599 1804 105 29 wahrt
731 1804 83 28 auch
837 1803 151 29 Poussins
1008 1802 184 38 Zeichnung
1219 1802 54 28 der
1298 1800 123 30 Galerie
1443 1801 121 29 Corsini

177 1850 34 28 in
226 1849 83 29 Rom
324 1847 93 39 (Abb.
429 1849 51 37 43)
489 1849 12 17 1
503 1848 22 38 ),
550 1849 33 28 in
609 1848 54 29 der
681 1848 58 28 das
758 1848 252 29 Transitorische
1028 1846 233 39 konsequenter
1273 1844 209 31 unterdrückt
1496 1847 66 27 und

178 1895 76 28 alles
272 1893 57 29 auf
340 1892 111 39 ruhige
467 1892 225 38 Komposition
707 1892 179 38 eingestellt
901 1892 52 28 ist.
976 1890 163 30 Während
1154 1890 131 29 Peneios
1299 1889 64 29 fast
1380 1888 49 30 die
1444 1889 119 38 gleiche

178 1937 152 39 abseitige
357 1937 169 39 Lagerung
551 1937 153 29 behalten
730 1937 69 34 hat,
825 1937 44 28 ist
896 1946 59 19 vor
982 1934 254 31 akzentuiertem
1264 1934 214 37 Baumgerüst
1506 1943 58 19 aus

178 1981 125 39 Apollo,
322 1981 149 38 Daphne,
490 1982 110 34 Amor,
619 1981 104 29 einem
742 1981 101 28 Putto
862 1981 68 28 und
947 1980 78 29 zwei
1042 1979 166 29 ruhenden
1227 1978 174 38 Nymphen
1420 1977 69 30 eine
1509 1978 39 28 be­

179 2024 240 31 tont-statische
432 2025 131 38 Gruppe
573 2025 212 39 gebildet.Bei
796 2025 139 37 Daphne
946 2025 93 38 spürt
1051 2033 75 19 man
1137 2024 33 27 in
1182 2023 61 29 den
1254 2021 179 30 erhobenen
1444 2022 119 28 Armen

180 2071 67 28 und
259 2070 34 27 in
307 2070 55 28 der
376 2069 218 40 Beinstellung
607 2069 82 30 noch
704 2070 61 28 den
775 2070 191 37 Nachklang
980 2069 55 29 der
1045 2067 304 38 Fluchtbewegung;
1365 2065 75 30 aber
1449 2066 114 37 Apollo

180 2114 87 28 steht
281 2113 119 29 bereits
413 2113 34 29 in
460 2114 130 38 ruhiger
605 2114 147 38 Haltung
767 2114 42 27 da
824 2114 68 27 und
905 2114 66 37 legt
987 2112 85 30 seine
1088 2111 101 29 Linke
1206 2111 57 28 auf
1278 2111 50 28 die
1347 2110 146 29 Schulter
1509 2110 55 28 der

180 2166 83 29 ganz
286 2156 304 38 Unverwandelten;
621 2158 68 29 sein
718 2158 128 28 rechter
876 2158 80 28 Arm
985 2156 91 30 faßte
1101 2155 222 39 ursprünglich
1348 2155 34 28 in
1406 2154 82 30 noch
1513 2164 37 28 ge­

181 2210 135 21 nauerer
330 2201 175 40 Nachfolge
521 2203 54 27 des
590 2202 55 29 der
659 2211 121 28 ganzen
796 2202 99 37 Figur
909 2201 164 38 zugrunde
1086 2200 167 38 liegenden
1268 2199 130 29 antiken
1417 2198 147 30 Statuen-

183 2245 117 30 Motivs
307 2245 11 17 2
321 2245 9 38 )
345 2245 137 30 herüber
497 2255 39 20 zu
552 2245 147 40 Daphne,
716 2246 108 29 wurde
841 2246 86 28 dann
944 2246 76 28 aber
1035 2244 326 40 hinübergenommen
1376 2252 57 20 zur
1449 2242 101 29 Unter­

181 2291 156 37 stützung
350 2290 56 28 der
419 2289 179 40 Bewegung
612 2289 55 31 des
681 2291 109 33 Putto,
805 2290 56 29 der
873 2290 68 28 ihm
955 2290 61 28 den
1031 2288 109 31 Kranz
1154 2288 72 28 aufs
1241 2288 113 37 Haupt
1369 2289 107 27 setzen
1490 2286 73 28 will.

181 2334 81 29 Eine
278 2333 147 38 wichtige
438 2328 174 45 Änderung
627 2334 179 39 gegenüber
823 2335 56 28 der
896 2334 146 38 Fassung
1058 2332 55 30 des
1130 2332 193 29 Münchener
1340 2331 108 29 Bildes
1466 2329 85 29 doku­

182 2378 151 29 mentiert
344 2378 68 28 sich
425 2387 41 19 an
478 2377 55 30 der
544 2378 97 39 Figur
652 2379 128 28 Amors:
794 2379 46 27 Er
851 2378 75 29 zielt
939 2388 66 19 nun
1017 2377 89 30 nicht
1119 2377 91 28 mehr
1223 2377 56 27 auf
1290 2376 125 37 Apollo,
1429 2374 135 30 sondern

265 2458 23 30 1)
304 2458 62 22 Inv.
381 2464 106 24 125570
505 2457 49 30 (als
571 2458 55 26 ,,Le
641 2459 42 22 tre
698 2458 121 29 grazie"!
838 2458 129 29 Richtige
983 2456 132 31 Deutung
1130 2463 56 15 von
1201 2456 42 22 W.
1256 2453 201 32 Friedländer);
1475 2453 86 22 Feder

183 2495 56 22 und
257 2494 92 23 Bister
367 2492 137 31 171x180
516 2500 65 15 mm.
599 2491 55 25 Auf
671 2493 47 22 der
736 2493 150 22 Rückseite
903 2493 130 30 Konzept
1050 2499 33 16 zu
1100 2491 91 23 einem
1209 2490 176 29 Gedicht(?).

263 2529 27 30 2)
304 2529 61 29 Vgl.
382 2528 44 24 die
448 2527 212 32 Apollonstatue
681 2527 130 27 Reinach,
830 2529 71 29 Rep.
912 2529 22 26 I,
953 2533 101 24 251,7;
1076 2526 70 23 auch
1162 2525 198 30 Michelangelo
1375 2524 78 24 hatte
1470 2523 93 23 diesen

183 2564 96 32 Typus
296 2565 122 29 gekannt
438 2562 144 32 (Jüngling
598 2562 92 25 rechts
707 2563 47 23 auf
771 2564 48 22 der
836 2564 140 22 Madonna
994 2562 93 31 Doni).
