1652 2379
752 229 43 4 —
819 214 43 28 IV
887 229 41 4 —

318 287 204 43 l’amharique
555 288 129 43 possde
711 299 61 23 une
793 289 143 36 certaine
951 289 179 35 literature
1152 294 31 30 et
1204 292 23 31 il
1243 294 49 31 est
1316 292 45 33 de-

315 345 73 42 puis
416 345 75 34 bien
520 346 58 32 des
602 346 115 33 socles
745 348 31 31 la
803 348 120 42 langue
952 348 149 42 officielle,
1133 348 230 43 diplomatique

317 405 32 30 et
378 402 212 34 commerciale
617 404 39 32 de
680 404 144 43 1’empire
854 405 183 44 d'Ethiopie,
1065 406 78 32 dont
1171 405 190 44 l'Abyssinie

317 463 50 30 est
389 460 32 33 la
443 460 113 42 region
580 460 195 35 dominante.

361 517 90 34 Nous
475 518 122 34 devons
626 519 181 43 cependant
831 520 142 42 signaler
1001 522 45 32 les
1074 523 125 30 recents
1231 523 130 31 travaux

317 575 41 32 de
386 575 41 33 M.
449 576 120 42 Ignace
594 575 107 43 Guidi,
730 577 56 41 qui
813 588 20 22 a
860 577 109 44 public
998 578 244 32 d’interessants
1271 578 82 33 docu­

318 635 105 31 ments
452 633 162 43 originaux
641 635 80 32 dans
746 638 84 31 cette
850 636 129 41 langue,
1005 639 31 29 et
1056 636 40 32 de
1116 635 41 32 M.
1175 636 92 31 Enno
1295 635 68 33 Litt-

318 700 106 31 mann,
457 691 54 41 qui
534 702 20 21 a
577 691 109 43 public
719 692 205 44 prcisment
951 704 63 21 une
1043 692 175 42 chronique
1246 692 43 32 du
1318 692 47 32 roi

327 746 184 44 Thodoros,
544 748 128 44 d’apres
700 760 44 22 un
768 750 176 34 manuscrit
978 750 179 41 amharique
1187 750 41 32 de
1255 750 33 32 la
1321 749 43 34 Bi-

318 804 184 43 bliotbeque
531 806 102 43 royale
661 807 40 33 de
725 807 117 33 Berlin.
849 808 11 18 1
883 808 91 32 Cette
999 807 185 41 chronique,
1208 807 158 32 attribute

318 872 79 23 avec
424 863 117 42 raison,
567 864 36 43 je
627 865 92 40 crois,
748 875 42 21 au
814 864 135 34 dabtara
972 865 121 40 Zanab,
1123 874 41 22 ne
1193 863 172 42 comprend

325 919 303 36 malheureusement
660 932 61 31 que
748 922 32 32 la
808 921 156 43 premiere
992 921 103 43 partie
1123 920 44 33 du
1194 931 99 32 regne
1322 920 43 33 du

324 976 122 35 fameux
473 978 134 44 despote
630 980 135 42 abyssin
788 982 32 30 et
850 980 122 33 s'arrte
999 990 63 23 aux
1078 979 172 34 rebellions
1271 979 95 32 d’Ato

325 1034 114 44 Sayfou
466 1035 81 33 dans
570 1037 30 32 le
624 1037 89 33 Choa
736 1040 31 29 et
791 1037 40 33 de
861 1037 172 42 Ngoussi
1060 1037 81 32 dans
1165 1037 28 32 le
1216 1036 108 42 Tigre.

363 1093 89 33 J’eus
473 1093 31 32 la
524 1093 106 33 bonne
646 1094 139 40 fortune,
809 1094 143 42 pendant
975 1104 73 22 mon
1078 1093 102 41 sjour
1204 1103 40 22 en
1269 1092 96 34 Ethio-

320 1149 63 43 pie,
408 1150 40 33 de
463 1150 136 43 pouvoir
621 1162 52 22 me
689 1161 151 33 procurer
859 1162 64 21 une
940 1149 174 42 chronique
1137 1149 168 33 differente
1326 1150 43 32 du

320 1217 103 23 meme
446 1207 201 42 Theodoros,
677 1218 95 31 grace
799 1218 20 21 a
845 1207 179 34 l'amabilit
1057 1206 40 33 de
1122 1206 118 41 l’alaqa
1269 1206 99 34 Gabra

321 1263 161 42 Sellassie,
515 1265 171 34 secretaire
715 1265 58 33 des
802 1264 293 35 commandements
1120 1263 40 33 de
1183 1263 184 44 l'empereur

320 1321 153 43 Menilek,
497 1323 56 40 qui
567 1323 114 34 voulut
704 1323 75 33 bien
803 1322 163 42 echanger
988 1332 58 23 son
1067 1321 177 32 manuscrit
1260 1325 110 30 centre

321 1389 63 23 une
408 1380 90 42 copie
523 1391 62 30 que
604 1381 71 43 j’en
703 1380 38 33 fis
771 1379 92 34 faire.
902 1381 45 31 Le
976 1378 177 34 manuscrit
1185 1379 72 33 offre
1287 1382 83 30 cette

320 1435 219 44 particularite
567 1437 100 34 d’etre
696 1437 78 34 6crit
804 1447 54 24 sur
881 1435 186 45 parchemin
1095 1436 75 33 ml
1196 1436 40 32 de
1259 1436 113 44 papier

326 1494 98 33 arabe.
454 1495 80 32 Bien
560 1506 61 31 que
646 1499 83 30 cette
746 1495 175 42 chronique
942 1494 170 34 contienne
1133 1494 104 33 moins
1259 1494 41 33 de
1320 1494 40 34 de­

322 1550 73 34 tails
420 1562 54 22 sur
497 1552 31 32 la
551 1552 132 43 p6riode
707 1553 158 43 comprise
888 1553 80 33 dans
992 1553 32 33 la
1045 1552 174 41 chronique
1241 1552 41 33 de
1299 1553 62 31 Ber­

322 1608 44 32 lin
390 1608 128 42 publiee
541 1620 58 32 par
622 1610 41 32 M.
685 1610 175 42 Littmann,
890 1612 60 32 elle
978 1621 20 22 a
1027 1620 54 23 sur
1106 1609 121 33 celle-ci
1258 1609 111 33 l'avan-

321 1669 75 38 tage
424 1665 100 33 d’etre
553 1666 170 43 complete,
752 1667 192 34 c’est-a-dire
972 1667 41 33 de
1041 1667 125 33 donner
1193 1667 31 31 la
1252 1666 52 32 vie
1332 1665 40 33 de

322 1721 185 34 Tlwodoros
536 1726 88 30 toute
653 1724 131 41 entiere,
814 1725 127 42 jusques
969 1727 32 31 et
1023 1735 22 31 y
1070 1724 137 42 compris
1232 1733 36 22 sa
1291 1726 81 29 mort

321 1778 150 43 tragique
494 1790 20 22 a
537 1780 158 42 Maqdala.

367 1837 45 32 Le
443 1837 175 33 manuscrit
648 1839 40 32 de
716 1839 109 32 Berlin
857 1842 173 30 nontenant
1060 1840 32 31 la
1120 1837 176 42 chronique
1328 1838 43 32 du

323 1893 135 32 dabtara
473 1893 110 34 Zanab
600 1914 40 3 —
658 1898 32 30 et
706 1906 64 21 non
787 1896 119 42 Zaneb,
931 1906 122 24 comme
1073 1897 79 32 Font
1193 1895 58 33 crit
1274 1906 19 21 a
1309 1898 63 30 tort

323 1948 164 35 PrStorius
519 1953 32 30 et
578 1951 43 34 M.
645 1952 175 41 Littmann,
845 1973 41 4 —
910 1965 20 21 a
958 1953 42 33 du
1043 1957 52 29 tre
1125 1954 91 42 copie
1244 1964 58 31 par
1329 1964 44 21 un

368 2072 8 15 1
396 2072 55 27 MS.
465 2072 98 29 orient,
577 2075 89 33 quart.
681 2076 59 26 478.
