1653 2379
727 225 42 4 —
793 209 26 27 V
841 224 44 5 —

282 288 104 34 scribe
416 286 223 37 certainement
664 286 73 42 plus
769 284 167 44 proccup
969 281 169 38 d’embellir
1169 291 58 26 son
1250 281 80 34 livre

281 356 42 24 au
339 345 91 43 point
446 345 40 33 de
502 354 63 25 vue
592 341 244 47 calligraphique
863 352 64 31 que
952 341 41 33 de
1009 340 123 34 donner
1152 352 20 22 a
1190 339 32 34 la
1237 350 95 31 ponc-

282 402 123 34 tuation
429 412 64 24 une
517 402 101 34 forme
648 399 190 35 rationnelle.
867 399 78 33 Cela
966 409 35 23 sc
1016 397 67 34 voit
1104 400 70 41 trop
1196 400 136 30 souvent

284 472 40 22 en
348 459 159 46 Ethiopie.
532 460 47 33 La
608 457 200 45 ponctuation
835 457 43 32 du
908 455 167 36 manuscrit
1101 454 40 34 de
1159 454 108 34 Berlin
1284 457 50 30 est

282 517 204 34 absolument
509 515 187 44 deplorable
713 518 32 30 et
761 515 42 33 M.
820 514 163 34 Littmann
1004 523 20 23 a
1043 522 51 31 eu,
1118 523 20 21 a
1159 522 74 23 mon
1251 511 82 42 avis,

283 576 29 33 le
336 575 104 42 grand
463 576 63 31 tort
554 575 40 32 de
616 574 32 33 la
671 581 181 25 conserver.
896 572 39 33 Je
962 582 41 22 ne
1027 570 83 33 crois
1133 580 58 33 pas
1215 579 62 31 que
1302 569 32 32 la

283 632 126 43 probite
431 630 194 44 scientifique
642 630 48 33 ait
704 630 69 32 rien
793 640 20 22 a
827 629 71 33 voir
913 639 78 23 avec
1006 628 31 33 le
1053 627 70 33 soin
1138 625 197 36 meticuleux

286 690 95 42 qu’on
414 691 78 41 pent
515 689 150 43 apporter
692 698 20 22 a
739 695 171 26 conserver
932 686 47 33 les
1003 685 105 34 fautes
1132 684 40 35 de
1195 683 139 44 copistes

285 745 227 44 inconscients,
541 745 167 34 excellents
734 742 205 45 calligraphes
957 742 134 45 parfois,
1113 750 139 36 presque
1268 744 67 30 tou-

282 805 94 42 jours
399 803 185 45 depourvus
606 803 45 33 du
673 801 146 33 moindre
842 811 76 23 sens
941 800 146 42 critique.
1120 799 50 34 On
1192 797 145 46 pourrait

285 861 159 33 admettre
465 871 20 20 a
507 861 33 33 la
565 860 124 42 rigueur
711 869 38 23 ce
763 860 129 42 respect
912 858 140 41 exagere
1073 855 28 34 si
1117 856 64 34 1’on
1202 866 36 23 se
1252 858 84 30 trou-

285 919 67 32 vait
369 930 41 21 en
426 918 154 44 presence
597 917 43 33 du
656 914 176 35 manuscrit
848 915 137 41 original
1001 912 77 35 d’un
1098 916 128 40 auteur;
1244 912 91 41 mais,

285 974 314 34 malheureusement
621 983 82 32 pour
724 971 179 43 1’elegance
926 972 44 31 du
992 970 142 44 langage
1157 974 33 29 et
1205 970 33 32 la
1253 969 84 33 suite

287 1032 40 33 de
350 1032 32 32 la
404 1031 132 44 pensee,
560 1031 48 32 les
631 1032 132 31 auteurs
787 1027 181 45 ethiopiens
992 1027 143 35 ecrivent
1159 1027 75 34 bien
1261 1037 75 22 rare-

286 1093 88 29 ment
398 1098 63 24 eux
473 1096 134 35 memes;
631 1087 41 34 ils
696 1086 132 35 dictent.

331 1147 46 32 Le
400 1144 177 37 manuscrit
601 1155 62 32 que
685 1154 83 23 nous
791 1142 151 45 publions
971 1145 50 31 est
1049 1141 289 35 convenablement

287 1206 154 41 ponctue;
462 1204 60 42 j’ai
547 1214 40 22 eu
611 1202 63 34 fort
696 1212 64 32 pen
783 1212 21 22 a
826 1212 22 33 y
870 1199 167 35 retoucher
1061 1202 32 30 et
1111 1199 38 43 je
1172 1199 73 43 puis
1269 1198 69 34 dire

288 1272 62 32 que
374 1261 38 42 je
439 1259 66 36 n’ai
533 1261 59 32 fait
621 1269 62 33 que
711 1259 131 43 reparer
869 1256 157 44 quelques
1055 1255 181 36 omissions.
1275 1255 63 33 J’ai

287 1319 60 34 mis
370 1318 90 33 aussi
483 1327 39 23 en
544 1317 96 33 relief
661 1316 124 33 d’assez
808 1315 178 34 nombreux
1010 1321 158 36 passages
1191 1323 41 23 en
1255 1323 83 31 vers,

288 1375 57 43 qui
372 1386 42 22 ne
442 1377 74 32 sont
538 1375 91 42 point
657 1372 153 34 detaches
838 1372 82 33 dans
947 1373 30 32 le
1000 1370 187 45 manuscrit,
1214 1371 49 31 les
1291 1380 37 22 co­

289 1433 101 43 pistes
414 1443 35 22 se
473 1433 187 32 contentant
684 1432 137 31 souvent
849 1430 96 33 d’une
969 1427 141 36 certaine
1133 1426 207 43 ponctuation

288 1500 81 32 pour
384 1490 48 32 les
447 1488 161 43 indiquer.
631 1488 41 33 Je
687 1487 55 32 l’ai
758 1487 59 32 fait
840 1490 127 30 surtout
988 1495 98 33 parce
1105 1495 63 31 que
1184 1485 32 33 la
1235 1484 103 43 posie

287 1546 157 44 abyssine
471 1544 145 34 contient
647 1554 139 32 presque
815 1543 148 44 toujours
994 1542 59 35 des
1076 1542 85 44 jeux
1189 1542 41 34 de
1257 1545 84 29 mots

290 1605 55 42 qui
369 1602 133 43 exigent
526 1602 57 33 des
609 1601 214 43 explications
853 1598 222 45 particulires.

333 1663 40 33 Je
402 1661 129 45 possde
562 1660 81 33 dans
672 1670 52 21 ma
752 1658 169 35 collection
949 1669 44 21 un
1022 1657 120 34 second
1165 1655 176 35 manuscrit

290 1720 41 33 de
345 1720 33 32 la
393 1718 186 43 chronique,
607 1716 118 35 celui-ci
752 1726 55 22 sur
822 1713 202 47 parchemin;
1048 1714 82 34 mais
1149 1714 62 43 j’ai
1230 1714 31 31 la
1277 1724 55 22 cer­

291 1776 104 34 titude
423 1775 79 43 qu’il
530 1776 83 32 n’est
642 1774 117 42 qu’une
788 1773 91 43 copie
911 1773 43 33 du
982 1771 137 44 premier
1151 1771 69 42 qui,
1254 1774 90 29 etant

295 1834 99 33 donn
429 1843 36 24 sa
492 1841 215 34 provenance,
736 1830 145 44 pourrait
908 1829 75 34 bien
1024 1830 51 32 tre
1108 1828 31 33 le
1166 1827 178 34 manuscrit

291 1890 145 43 original.
463 1890 39 32 Je
524 1890 66 33 n’ai
616 1889 102 33 relev
745 1898 62 30 que
838 1884 241 44 quelques-unes
1106 1884 57 34 des
1188 1885 152 34 variantes

293 1948 54 41 qui
364 1946 142 35 existent
521 1950 90 29 entre
632 1946 47 33 les
697 1945 86 32 deux
798 1942 207 47 manuscrits;
1026 1942 37 43 je
1085 1942 64 35 n’ai
1162 1942 83 42 juge
1265 1941 79 32 utile

292 2005 40 33 de
355 2005 31 32 le
409 2001 81 36 faire
514 2014 62 31 que
598 2013 80 33 pour
699 2001 149 43 indiquer
871 2002 40 33 de
934 2002 105 41 temps
1062 2011 19 20 a
1104 2002 91 31 autre
1220 1999 123 41 1’usage

293 2063 57 32 des
380 2060 157 36 diffrents
550 2062 190 33 -caractres
767 2062 100 41 ayant
896 2054 198 48 aujourd'hui
1120 2056 32 35 la
1172 2067 102 23 meme
1290 2067 54 22 va-
