1653 2379
706 210 40 4 —
769 195 62 28 VII
856 210 40 4 —

276 270 103 40 vince,
403 270 31 31 le
457 270 97 33 Choa.
591 270 77 32 Cela
690 279 35 23 se
748 271 67 31 voit
839 273 124 30 surtout
987 270 81 32 dans
1092 270 31 31 la
1152 270 166 41 chronique

281 335 56 31 que
366 337 82 22 nous
470 326 161 44 publions.
670 327 120 32 Toutes
820 327 46 33 les
890 326 199 44 sympathies
1118 327 40 33 de
1185 327 139 34 l’auteur

276 385 77 31 vont
380 395 20 20 a
427 384 143 34 Menilek
598 387 32 30 et
657 394 59 22 son
742 384 81 33 livre
851 384 116 34 eclaire
995 385 77 32 d’un
1100 384 122 34 certain
1246 385 77 42 jour

276 440 46 31 les
352 440 226 43 particularits
605 441 55 41 qui
684 440 208 43 precederent
919 442 30 32 le
971 445 108 29 retour
1101 452 43 22 au
1166 442 90 33 Choa
1278 442 45 32 du

275 495 90 34 futur
387 497 171 34 souverain
582 498 40 32 de
645 497 182 43 1’Ethiopie,
859 498 176 43 longtemps
1062 509 40 22 en
1126 502 95 39 otage
1249 510 19 22 a
1291 500 32 32 la

276 563 75 23 cour
375 554 40 33 de
438 554 195 34 Theodoros.

319 611 63 32 Les
406 612 86 32 deux
509 610 202 43 chroniques,
728 631 43 4 —
787 613 80 32 celle
891 612 43 32 du
955 613 176 33 manuscrit
1151 613 40 33 de
1213 613 109 33 Berlin

277 671 31 30 et
336 669 79 32 celle
444 678 62 31 que
538 678 81 23 nous
647 668 160 44 publions,
838 688 40 4 —
904 673 55 29 ont
987 681 43 21 un
1060 672 160 32 caractbre
1246 671 76 32 bien

277 725 158 32 different.
459 725 50 32 On
528 728 107 29 trouve
661 725 82 33 dans
764 726 144 33 chacune
929 725 113 34 d’eIles
1064 727 56 32 des
1144 726 174 43 renseigne-

276 785 104 30 ments
404 782 96 41 qu’on
523 792 41 22 ne
587 786 114 29 trouve
724 793 58 32 pas
804 783 81 32 dans
905 783 124 41 1’autre,
1054 784 27 32 si
1096 784 75 32 bien
1193 794 62 31 que
1275 784 47 32 les

276 838 87 32 deux
394 838 94 33 ecrits
521 848 35 22 se
585 839 193 42 completent
810 839 82 32 dans
921 850 63 23 une
1014 841 89 40 large
1134 850 126 22 mesure
1291 843 33 29 et

281 895 107 32 offrent
418 905 64 21 une
513 894 213 35 interessante
754 896 133 32 histoire
914 896 214 41 anecdotique
1155 897 40 32 de
1231 897 90 32 Tho-

276 951 104 32 doros.
413 950 249 42 Quelques-unes
689 951 40 33 de
753 962 54 22 ces
830 952 172 33 anecdotes
1023 956 56 29 ont
1106 954 37 31 t
1172 954 147 41 publies,

276 1008 174 40 arrangdes
481 1007 30 32 le
542 1007 74 42 plus
644 1017 58 23 sou
704 1010 85 38 vent,
821 1018 58 32 par
907 1008 181 34 Guillaume
1114 1009 125 42 Lejean
1249 1011 12 18 1
1291 1013 32 30 et

285 1065 132 32 d'autres
448 1074 193 33 voyageurs.
686 1064 49 34 On
764 1068 71 30 sent
863 1065 181 43 cependant
1072 1076 61 31 que
1160 1066 47 33 les
1236 1066 87 34 deux

284 1121 222 41 chroniqueurs
532 1124 166 30 racontent
719 1122 57 32 des
797 1122 113 33 choses
931 1133 80 23 vues
1029 1135 6 20 :
1058 1124 134 32 dabtara
1212 1123 110 32 Zanab

278 1178 87 33 avait
392 1180 38 31 t
448 1179 172 33 secretaire
641 1179 56 33 des
719 1179 294 34 commandements
1034 1180 40 33 de
1090 1180 186 33 Theodoros
1293 1183 32 29 et

277 1236 94 41 alaqa
395 1235 115 33 Walda
537 1236 145 42 Maryam
714 1247 122 31 occupa
866 1247 64 22 une
958 1236 153 34 situation
1142 1237 182 41 distinguee

277 1303 19 20 a
311 1293 33 31 la
359 1302 77 22 cour
456 1292 44 32 du
517 1292 97 34 Choa.
638 1292 87 34 Tous
748 1293 88 32 deux
859 1293 121 32 etaient
1004 1294 83 32 done
1109 1293 216 42 particuliere-

278 1352 88 29 ment
388 1349 159 33 autorisds
574 1359 20 21 a
616 1352 147 31 raconter
792 1350 47 33 les
889 1352 181 32 vnements
1100 1350 159 41 auxquels
1285 1350 40 32 ils

278 1406 130 31 avaient
435 1406 126 32 assiste.
600 1406 123 43 Malgre
747 1407 46 32 les
820 1407 141 33 terribles
992 1416 179 24 massacres
1195 1407 55 41 qui
1278 1417 45 23 en-

280 1462 242 41 sanglanterent
545 1463 47 32 les
614 1463 162 33 dernieres
805 1465 113 32 annes
944 1463 44 32 du
1011 1474 100 31 regne
1127 1463 41 33 de
1183 1462 132 34 Theodo­

279 1529 61 31 ros,
371 1529 41 22 on
436 1522 71 28 sent
532 1519 93 41 qu’ils
653 1522 57 31 ont
737 1521 134 41 partage
895 1520 80 33 dans
999 1531 64 22 une
1086 1521 89 41 large
1199 1530 126 23 mesure

279 1575 215 34 l’admiration
518 1575 43 32 du
584 1575 117 44 peuple
724 1576 134 43 abyssin
878 1587 81 32 pour
978 1577 157 41 l’6trange
1156 1577 170 33 souverain

280 1643 144 33 parvenu
448 1632 78 34 dont
547 1633 47 32 les
626 1633 140 33 cruauts
793 1633 90 33 n’ont
903 1644 43 33 pu
963 1633 81 34 faire
1067 1634 114 33 oublier
1203 1634 30 32 le
1254 1633 62 33 bril

280 1690 68 32 lant
371 1690 99 33 debut
491 1693 31 30 et
539 1690 78 33 dont
637 1690 29 32 le
685 1701 74 21 nom
776 1691 132 33 redoute
930 1693 83 31 reste
1030 1701 114 23 encore
1167 1690 156 42 populaire

280 1756 39 21 en
344 1746 158 43 Ethiopie.

324 1803 100 42 Paris,
450 1804 18 31 3
491 1804 173 33 novembre
693 1804 89 32 1904.

772 1893 32 25 c.
835 1893 443 26 MONDON-VIDAILHET.

322 2045 10 14 1
354 2045 138 26 Theodore
511 2044 38 27 II
562 2047 25 24 et
606 2046 22 25 le
646 2045 98 27 nouvel
763 2045 100 34 empire
882 2045 168 35 d’Ethiopie.
