1698 2461
614 662 387 44 INTRODUCTION.

326 997 30 45 J
364 1019 17 21 e
399 1008 65 32 n’ai
480 1006 91 44 point
591 1018 20 21 a
635 1006 140 42 rappeler
796 1006 48 31 les
881 1007 186 32 vnements
1091 1004 56 42 qui
1163 1007 67 40 ont,
1251 1004 82 33 dans

285 1075 53 23 ces
368 1063 155 35 dernires
555 1064 122 40 annes,
709 1061 94 35 attire
826 1060 182 36 l’attention
1036 1061 41 33 de
1100 1060 152 46 1’Europe
1280 1070 55 25 sur

288 1122 200 44 l'Abyssinie.
517 1120 124 45 Depuis
657 1119 209 45 I’expedition
883 1118 78 46 qu’y
981 1119 87 34 firent
1090 1120 47 31 les
1162 1118 169 43 Portugais,

285 1191 42 23 an
351 1192 52 20 xvi
406 1185 10 13 e
447 1179 98 43 sicle,
573 1177 157 45 jusqu’au
758 1177 110 33 milien
896 1177 43 32 du
962 1189 53 19 xix
1018 1181 10 13 e
1059 1176 98 40 sicle,
1189 1185 41 22 on
1257 1179 78 39 pent

286 1237 68 34 dire
376 1247 63 31 que
455 1235 173 46 I’Ethiopie
664 1236 63 32 tait
755 1234 176 34 redevenue
954 1233 31 33 le
1001 1231 200 46 mystdrieux
1215 1233 121 42 empire

287 1295 42 33 du
353 1292 214 35 Pretre-Jean.
606 1294 70 31 Elle
703 1304 20 21 a
750 1291 102 44 repris
875 1289 217 46 aujourd’hui,
1120 1299 97 33 grace
1244 1300 20 21 a
1292 1299 44 22 un

293 1351 162 34 souverain
489 1349 112 35 liberal
632 1353 32 29 et
695 1349 131 41 eclaire,
858 1351 128 31 contact
1016 1357 79 23 avec
1126 1348 47 32 les
1208 1346 125 43 peuples

294 1410 169 42 europens
488 1417 80 25 avec
592 1407 142 42 lesquels
757 1407 47 32 les
828 1404 171 44 Abyssins,
1022 1404 123 43 malgre
1169 1404 66 36 leur
1256 1403 81 32 teint

289 1467 127 40 bronze,
444 1469 56 29 ont
523 1468 70 30 tant
617 1465 40 31 de
680 1463 107 43 points
815 1463 41 33 de
883 1462 231 33 ressemblance
1140 1459 98 43 qu’on
1260 1463 79 39 peut

289 1523 47 33 les
359 1521 184 35 considdrer
566 1532 122 22 comme
712 1530 40 23 en
776 1519 119 34 faisant
918 1518 112 44 partie.
1070 1519 46 32 Le
1145 1517 126 36 rsultat
1298 1517 40 33 de

288 1580 141 34 1’interet
450 1578 56 42 qui
529 1578 79 32 s’est
630 1581 92 38 porte
745 1586 54 22 sur
820 1586 37 23 ce
877 1586 82 33 pays
980 1587 20 21 a
1031 1577 39 32 t
1091 1576 33 31 la
1139 1573 200 45 publication

289 1637 41 34 de
353 1636 179 34 nombreux
561 1644 152 32 ouvrages
750 1632 187 43 historiques
968 1636 33 30 et
1031 1630 176 43 littraires,
1242 1630 98 34 d’une

298 1695 100 33 valeur
425 1696 61 30 trs
513 1692 137 43 diverse,
671 1690 81 34 mais
774 1690 55 41 qui
850 1694 56 29 ont
940 1691 38 33 t
1003 1689 165 34 accueillis
1191 1698 79 24 avec
1295 1687 42 36 fa-

290 1762 89 25 veur.
404 1752 48 32 La
470 1749 172 35 littrature
669 1749 41 32 de
727 1758 36 23 ce
783 1748 110 43 peuple
917 1759 23 31 y
955 1758 20 22 a
996 1749 99 40 gagn
1115 1745 100 35 d’etre
1231 1745 109 33 mieux

291 1818 139 34 connue;
461 1805 313 43 malheureusement,
795 1805 27 32 si
839 1805 32 33 la
886 1805 119 41 langue
1024 1803 168 42 liturgique
1217 1802 121 44 (gheez)

291 1878 20 22 a
335 1869 51 30 ete
409 1866 114 43 1’objet
544 1864 42 34 de
609 1863 210 33 nombreuses
842 1860 226 45 publications,
1093 1861 31 31 la
1147 1860 120 42 langue
1289 1870 54 32 po-

292 1922 135 45 pulaire,
453 1920 216 44 l'amharique,
697 1940 39 4 —
762 1920 55 40 qui
839 1922 89 40 peut,
950 1930 20 21 a
993 1919 65 32 bon
1081 1917 94 41 droit,
1212 1920 53 32 tre
1289 1928 54 31 ap-

298 1979 85 44 pele
408 1979 32 33 la
463 1978 119 44 langue
605 1976 165 45 abyssine,
788 1995 42 5 —
847 1987 19 23 a
901 1978 37 32 t
964 1985 93 24 assez
1079 1974 160 44 negligee.
1266 1973 76 34 Cela

293 2038 82 34 tient
404 2035 222 35 certainement
652 2046 43 22 au
717 2035 81 43 petit
821 2035 132 33 nombre
976 2034 41 32 de
1038 2031 188 35 documents
1247 2030 95 34 Merits

295 2106 40 23 en
358 2096 85 32 cette
465 2092 120 44 langue
610 2103 62 31 que
695 2092 209 35 contiennent
931 2101 58 24 nos
1019 2089 238 43 bibliothques,
1289 2098 54 23 car
