1652 2379
754 214 42 6 —
821 200 43 28 VI
889 217 41 4 —

319 276 65 33 leur
419 273 196 44 phontique,
647 275 82 34 mais
753 275 37 43 je
814 276 54 43 n’y
891 277 32 33 ai
951 277 90 42 point
1074 279 130 40 manqu
1238 280 122 41 lorsque

316 333 47 32 les
380 331 86 34 deux
488 332 183 36 manuscrits
702 332 208 43 prsentaient
935 335 57 32 des
1009 334 116 34 formes
1146 345 42 22 ou
1207 334 58 35 des
1281 339 82 30 mots

318 389 174 34 differents.
518 390 45 32 Le
587 391 120 32 second
736 391 176 43 manuscrit,
939 395 100 39 ayant
1074 394 37 31 t
1135 392 91 43 copic
1247 404 57 31 par
1320 403 43 23 un

318 446 194 44 Godjamite,
536 457 35 23 se
590 451 126 29 ressent
737 447 40 34 de
797 449 148 42 1’origine
966 448 43 33 du
1031 449 131 42 copiste,
1186 449 48 33 les
1257 450 103 33 lettrs

317 504 45 33 du
378 503 138 44 Godjam
539 505 128 42 employ
669 508 56 30 ant
749 506 138 34 certains
912 508 178 32 caract^res
1115 506 40 33 de
1178 506 186 44 preference

316 571 20 22 a
370 561 141 42 d'autres,
543 571 75 23 sans
644 571 62 32 que
734 561 31 34 la
794 563 234 41 prononciation
1060 574 40 22 en
1128 563 63 32 soit
1219 562 145 44 changee

316 627 81 34 pour
416 618 79 41 cela,
519 618 76 33 sauf
611 618 143 42 lorsqu’il
776 619 95 42 s’agit
892 620 43 32 du
956 619 140 44 ds’aday
1111 630 41 23 ou
1174 619 43 33 du
1234 622 127 40 kappa,

318 674 61 33 mis
402 685 42 22 au
467 675 65 33 lieu
555 675 43 33 du
623 674 88 44 t^ayt.
736 675 62 34 J’ai
821 676 134 41 indique
978 686 54 23 ces
1053 677 231 43 changements
1307 688 59 32 par

319 731 58 33 des
400 732 207 42 asterisques,
639 732 56 42 qui
722 742 35 24 se
780 736 186 39 rapportent
989 736 73 30 tous
1089 745 43 21 au
1160 733 120 35 second
1302 745 52 22 ma­

318 788 131 34 nuscrit.

361 846 144 40 Lorsque
529 847 110 40 l'alaq
660 845 107 35 Gabra
783 846 151 33 Sellassie
955 857 50 21 me
1021 846 93 33 remit
1130 848 31 31 la
1182 847 178 41 chronique,

318 902 23 32 il
369 913 51 23 me
448 902 47 33 dit
523 902 41 34 de
592 902 106 34 bonne
725 902 46 34 foi
804 913 61 31 que
892 903 138 34 l’auteur
1057 914 40 22 en
1126 904 77 33 etait
1231 903 135 34 dabtara

318 959 122 41 Zanab,
469 960 77 33 celui
563 960 119 41 auquel
705 964 49 29 est
769 961 160 33 attribuee
944 961 32 32 la
992 960 176 42 chronique
1188 961 40 33 de
1245 961 119 33 Berlin.

319 1017 50 32 En
392 1016 97 33 lisant
512 1017 30 32 le
565 1017 175 34 manuscrit
763 1017 23 31 il
808 1028 51 22 me
882 1017 50 32 fut
954 1017 95 33 facile
1073 1018 41 32 de
1131 1021 161 31 constater
1308 1028 58 23 son

326 1084 108 22 erreur.
467 1074 27 31 Il
517 1084 22 32 y
563 1073 113 42 existe,
701 1084 40 22 en
765 1074 84 40 effet,
874 1085 44 21 un
940 1084 141 32 passage
1106 1078 41 29 oh
1168 1075 24 31 il
1215 1077 49 30 est
1288 1075 46 32 dit
1358 1087 7 20 :

323 1129 114 33 «Celui
465 1130 55 40 qui
543 1141 20 21 a
602 1130 61 33 crit
687 1132 83 31 cette
794 1130 175 41 chronique
993 1133 48 30 est
1064 1131 43 32 du
1131 1140 81 33 pays
1236 1130 44 32 du
1304 1132 62 32 Me-

320 1186 88 43 houy
436 1186 126 38 Qwalla
587 1187 145 33 Warraw
752 1186 45 45 (?)
825 1187 80 33 dans
934 1188 30 32 le
993 1187 101 44 Choa;
1129 1198 58 23 son
1214 1198 75 21 nom
1318 1191 49 30 est

321 1243 116 33 Walda
460 1244 144 42 Maryam
628 1259 80 18 ...»
748 1244 43 34 Ce
814 1255 139 32 passage
976 1245 133 42 indique
1139 1245 225 35 suffisamment

323 1310 62 31 que
401 1301 137 33 l’auteur
555 1301 43 32 du
614 1301 80 33 livre
710 1301 49 33 fut
776 1302 117 41 l’alaqa
904 1302 116 33 Walda
1036 1302 154 43 Maryam,
1208 1302 44 32 du
1269 1302 97 42 Choa,

322 1357 79 33 dont
420 1358 60 42 j’ai
511 1358 132 33 entendu
675 1359 97 42 parler
798 1358 137 34 maintes
958 1358 62 34 fois
1045 1363 32 29 et
1100 1359 55 41 qui
1178 1369 123 31 occupa
1324 1370 43 22 un

321 1424 82 32 rang
426 1415 163 41 distingue
613 1416 102 41 parmi
738 1416 47 32 les
808 1416 110 33 lettres
934 1415 159 43 abyssins.
1119 1416 27 30 Il
1167 1415 87 32 avait
1272 1425 96 32 passe

322 1485 63 24 une
410 1473 102 45 partie
536 1473 39 32 de
597 1484 37 22 sa
658 1473 144 42 jeunesse
827 1473 80 32 dans
929 1472 199 42 1’entourage
1144 1472 163 33 immediat
1328 1472 40 34 de

323 1533 148 33 l’aboune
503 1532 141 39 Salama,
677 1531 28 32 le
733 1530 202 43 m6tropolite
966 1529 78 33 dont
1075 1531 29 32 le
1136 1531 80 40 role,
1247 1530 121 43 parfois

329 1588 199 44 mystrieux,
560 1588 49 32 fut
633 1590 136 30 souvent
792 1588 174 41 important
988 1586 143 43 pendant
1152 1588 31 32 le
1205 1597 100 31 regne
1329 1587 40 32 de

332 1645 183 34 Thodoros.
544 1646 44 32 Le
613 1644 83 43 style
720 1643 56 33 des
800 1644 86 32 deux
910 1643 192 34 manuscrits
1126 1647 48 29 est
1197 1654 91 23 assez
1313 1644 49 32 dif­

323 1703 112 33 ferent.
475 1703 63 32 Les
563 1702 85 32 deux
672 1710 157 32 ouvrages
858 1704 72 29 sont
954 1700 73 33 bien
1052 1701 95 33 Merits
1175 1702 81 31 dans
1286 1702 81 32 l'am-

330 1759 125 42 harique
486 1759 30 31 le
544 1759 72 42 plus
640 1761 120 30 correct
788 1758 82 43 parl
900 1758 40 32 de
969 1760 91 30 notre
1087 1761 119 39 temps;
1239 1758 80 32 mais
1347 1758 23 31 il

325 1820 48 30 est
400 1827 20 22 a
446 1825 177 32 remarquer
650 1826 61 30 que
734 1816 29 32 le
788 1815 134 33 dabtara
944 1815 110 32 Zanab
1084 1825 57 22 use
1165 1815 39 32 de
1228 1818 130 38 transpo­

326 1874 112 32 sitions
467 1873 40 32 de
530 1874 158 32 membres
712 1872 39 32 de
775 1872 117 42 phrase
920 1872 96 32 d’une
1047 1872 90 41 faon
1167 1872 54 40 qui
1249 1872 46 32 lui
1322 1876 49 28 est

325 1930 204 42 particuliere
559 1933 30 30 et
626 1930 90 40 qu'on
748 1932 113 29 trouve
892 1939 63 32 peu
988 1938 39 23 en
1058 1928 202 41 amharique,
1296 1929 76 32 bien

326 1987 134 40 qu’elles
487 1997 41 22 ne
557 1986 103 33 soient
687 1996 58 32 pas
774 1996 75 23 sans
895 1985 140 42 lgance.
1078 1985 62 32 Les
1169 1985 87 32 deux
1284 1985 88 33 chro-

325 2043 153 41 niqueurs
518 2043 101 33 taient
646 2043 180 43 cependant
856 2041 180 42 originaires
1064 2042 39 32 de
1126 2042 32 32 la
1181 2053 101 21 meme
1302 2052 69 31 pro-
